
@techreport{gitz_stampflehm_nodate,
	type = {Bachelorthesis},
	title = {Stampflehm als {Tragwerk} in einem {Ersatzneubau}},
	institution = {HSLU Technik \& Architektur},
	author = {Gitz, Pascal},
	file = {BAT_FS22_Bericht_Gitz_Pascal.pdf:C\:\\Users\\Pascal Gitz\\Zotero\\storage\\GVAKLECU\\BAT_FS22_Bericht_Gitz_Pascal.pdf:application/pdf;BAT_FS22_Poster_Gitz_Pascal.pdf:C\:\\Users\\Pascal Gitz\\Zotero\\storage\\LMTWS9NJ\\BAT_FS22_Poster_Gitz_Pascal.pdf:application/pdf},
}

@techreport{gitz_fuss_nodate,
	type = {Projektarbeit},
	title = {Fuss \& {Radwegbrücke} {Würzenbach}},
	author = {Gitz, Pascal and Kronig, Valentin and Andereggen, Nico and Summermatter, David},
	file = {01_TB_Gruppe_1.pdf:C\:\\Users\\Pascal Gitz\\Zotero\\storage\\G5IE7RWI\\01_TB_Gruppe_1.pdf:application/pdf;02_Anhang_Gruppe_1.pdf:C\:\\Users\\Pascal Gitz\\Zotero\\storage\\7L9GUHG4\\02_Anhang_Gruppe_1.pdf:application/pdf;03_Plakate_Gruppe_1.pdf:C\:\\Users\\Pascal Gitz\\Zotero\\storage\\VJCWDMDX\\03_Plakate_Gruppe_1.pdf:application/pdf;04_Modellfotos.zip:C\:\\Users\\Pascal Gitz\\Zotero\\storage\\7D2DYDPQ\\04_Modellfotos.zip:application/x-zip-compressed},
}

@techreport{gitz_umbau_nodate,
	type = {Projektarbeit},
	title = {Umbau, {Erweiterung} und {Neubau} in {Ottenbach}},
	author = {Gitz, Pascal and Kannewischer, Constantin and Kern, Fabienne and Lustenberger, Philipp and Vogt, Dario},
	file = {Gesamtbericht_Gruppe C.pdf:C\:\\Users\\Pascal Gitz\\Zotero\\storage\\26IFM4LR\\Gesamtbericht_Gruppe C.pdf:application/pdf;IBI_Technischer_Bericht_Gruppe C.pdf:C\:\\Users\\Pascal Gitz\\Zotero\\storage\\RJ4NIJH7\\IBI_Technischer_Bericht_Gruppe C.pdf:application/pdf},
}

@techreport{gitz_werkstattgebaude_nodate,
	type = {Projektarbeit},
	title = {Werkstattgebäude {WSL}},
	author = {Gitz, Pascal and Kannewischer, Constantin and Kern, Fabienne and Lustenberger, Philipp and Vogt, Dario},
	file = {B+_Gruppe C_Modellbilder.pdf:C\:\\Users\\Pascal Gitz\\Zotero\\storage\\6TNRD2K9\\B+_Gruppe C_Modellbilder.pdf:application/pdf;B+_Gruppe_C_Abgabe_Schlussabgabe.pdf:C\:\\Users\\Pascal Gitz\\Zotero\\storage\\PJKR94HI\\B+_Gruppe_C_Abgabe_Schlussabgabe.pdf:application/pdf;B+_Gruppe_C_Poster_Schlussabgabe.pdf:C\:\\Users\\Pascal Gitz\\Zotero\\storage\\RA39BAAK\\B+_Gruppe_C_Poster_Schlussabgabe.pdf:application/pdf},
}

@techreport{gitz_ansatze_2024,
	type = {Vertiefungsarbeit 1},
	title = {Ansätze zur {Verformungsberechnung}},
	institution = {HSLU Technik \& Architektur},
	author = {Gitz, Pascal},
	month = jan,
	year = {2024},
	file = {Tragverhalten-von-Stahlbetontragwerken_VM1.pdf:C\:\\Users\\Pascal Gitz\\Zotero\\storage\\2J7VACJI\\VM1.pdf:application/pdf;Tragverhalten-von-Stahlbetontragwerken_VM2.pdf:C\:\\Users\\Pascal Gitz\\Zotero\\storage\\L4B6E657\\Tragverhalten-von-Stahlbetontragwerken_VM2.pdf:application/pdf},
}

@book{bachmann_erdbebensicherung_2002,
	address = {Basel},
	title = {Erdbebensicherung von {Bauwerken}},
	isbn = {978-3-0348-9455-5 978-3-0348-8143-2},
	url = {http://link.springer.com/10.1007/978-3-0348-8143-2},
	language = {de},
	urldate = {2024-03-12},
	publisher = {Birkhäuser Basel},
	author = {Bachmann, Hugo},
	year = {2002},
	doi = {10.1007/978-3-0348-8143-2},
	file = {Bachmann - 2002 - Erdbebensicherung von Bauwerken.pdf:C\:\\Users\\Pascal Gitz\\Zotero\\storage\\4662CRSU\\Bachmann - 2002 - Erdbebensicherung von Bauwerken.pdf:application/pdf},
}

@misc{gass_axisvm_nodate,
	title = {{AxisVM} - {Erdbebenberechnung}},
	author = {Gass, Daniel},
	file = {Gass - AxisVM - Erdbebenberechnung.pdf:C\:\\Users\\Pascal Gitz\\Zotero\\storage\\4E7LDRZR\\Gass - AxisVM - Erdbebenberechnung.pdf:application/pdf},
}

@techreport{heinzmann_einleitung_2019,
	type = {Vorlesungsskript},
	title = {Einleitung und {Grundlagen}},
	institution = {HSLU Technik \& Architektur},
	author = {Heinzmann, Daniel},
	year = {2019},
	file = {Heinzmann - Einleitung und Grundlagen.pdf:C\:\\Users\\Pascal Gitz\\Zotero\\storage\\M2H2J9NU\\Heinzmann - Einleitung und Grundlagen.pdf:application/pdf},
}

@techreport{heinzmann_kinetik_2019,
	type = {Vorlesungsskript},
	title = {Kinetik},
	institution = {HSLU Technik \& Architektur},
	author = {Heinzmann, Daniel},
	year = {2019},
	file = {Heinzmann - 2019 - Kinetik.pdf:C\:\\Users\\Pascal Gitz\\Zotero\\storage\\5AE53VRY\\Heinzmann - 2019 - Kinetik.pdf:application/pdf},
}

@techreport{heinzmann_querschnitte_2020,
	type = {Vorlesungsskript},
	title = {Querschnitte},
	author = {Heinzmann, Daniel},
	year = {2020},
	file = {Heinzmann - 2020 - Querschnitte.pdf:C\:\\Users\\Pascal Gitz\\Zotero\\storage\\8KWTIHW5\\Heinzmann - 2020 - Querschnitte.pdf:application/pdf},
}

@techreport{kenel_plastische_2020,
	type = {Vorlesungsskript},
	title = {Plastische {Querschnittswiderstände}},
	institution = {HSLU Technik \& Architektur},
	author = {Kenel, Albin},
	year = {2020},
	file = {Kenel - 2020 - Plastische Querschnittswiderstände.pdf:C\:\\Users\\Pascal Gitz\\Zotero\\storage\\3NLAT8JR\\Kenel - 2020 - Plastische Querschnittswiderstände.pdf:application/pdf},
}

@techreport{thoma_deformationsmethode_2020,
	type = {Vorlesungsskript},
	title = {Deformationsmethode},
	institution = {HSLU Technik \& Architektur},
	author = {Thoma, Karel},
	year = {2020},
	file = {01.93_ST_Vorgehen_Deformationsmethode.pdf:C\:\\Users\\Pascal Gitz\\Zotero\\storage\\HNZIQ5FZ\\01.93_ST_Vorgehen_Deformationsmethode.pdf:application/pdf;Thoma - 2020 - Deformationsmethode.pdf:C\:\\Users\\Pascal Gitz\\Zotero\\storage\\UL7VVS72\\Thoma - 2020 - Deformationsmethode.pdf:application/pdf},
}

@techreport{heinzmann_traglastverfahren_2019,
	type = {Vorlesungsskript},
	title = {Traglastverfahren},
	institution = {HSLU Technik \& Architektur},
	author = {Heinzmann, Daniel},
	year = {2019},
	file = {01.94_ST_Zusammenfassung_Traglastverfahren.pdf:C\:\\Users\\Pascal Gitz\\Zotero\\storage\\D9GR5VXJ\\01.94_ST_Zusammenfassung_Traglastverfahren.pdf:application/pdf;Heinzmann - 2019 - Traglastverfahren.pdf:C\:\\Users\\Pascal Gitz\\Zotero\\storage\\ZHKWJKPB\\Heinzmann - 2019 - Traglastverfahren.pdf:application/pdf},
}

@book{marti_baustatik_2014,
	address = {Berlin},
	edition = {2., korrigierte Aufl},
	title = {Baustatik: {Grundlagen} - {Stabtragwerke} - {Flächentragwerke}},
	isbn = {978-3-433-03093-6},
	shorttitle = {Baustatik},
	language = {ger},
	publisher = {Ernst},
	author = {Marti, Peter},
	year = {2014},
	file = {2014_Marti_Baustatik.pdf:C\:\\Users\\Pascal Gitz\\Zotero\\storage\\IYJ4VKSZ\\2014_Marti_Baustatik.pdf:application/pdf},
}

@book{mattheck_mechanik_2002,
	address = {Karlsruhe},
	edition = {1. Aufl},
	title = {Mechanik am {Baum}: erl. mit einfühlsamen {Worten} von {Pauli} dem {Bär}},
	isbn = {978-3-923704-39-2},
	shorttitle = {Mechanik am {Baum}},
	language = {ger},
	publisher = {Forschungszentrum Karlsruhe},
	author = {Mattheck, Claus},
	year = {2002},
	file = {Mattheck - 2002 - Mechanik am Baum erl. mit einfühlsamen Worten von.pdf:C\:\\Users\\Pascal Gitz\\Zotero\\storage\\GTH3YEGU\\Mattheck - 2002 - Mechanik am Baum erl. mit einfühlsamen Worten von.pdf:application/pdf},
}

@misc{heinzmann_merkblatter_nodate,
	title = {Merkblätter},
	author = {Heinzmann, Daniel},
	file = {Heinzmann - Merkblätter.pdf:C\:\\Users\\Pascal Gitz\\Zotero\\storage\\TQBQT4JD\\Heinzmann - Merkblätter.pdf:application/pdf},
}

@misc{gitz_kontinua_nodate,
	title = {Kontinua {Zusammenfassung}},
	author = {Gitz, Pascal},
	file = {Gitz - Kontinua Zusammenfassung.pdf:C\:\\Users\\Pascal Gitz\\Zotero\\storage\\2AME5AL7\\Gitz - Kontinua Zusammenfassung.pdf:application/pdf},
}

@techreport{thoma_balkentheorie_2020,
	type = {Vorlesungsskript},
	title = {Balkentheorie},
	institution = {HSLU Technik \& Architektur},
	author = {Thoma, Karel},
	year = {2020},
	file = {Thoma - 2020 - Balkentheorie.pdf:C\:\\Users\\Pascal Gitz\\Zotero\\storage\\R2JRX6F2\\Thoma - 2020 - Balkentheorie.pdf:application/pdf},
}

@techreport{dazio_tragwerksdynamik_nodate,
	type = {Vorlesungsskript},
	title = {Tragwerksdynamik und {Schwingungsprobleme}},
	institution = {ETH},
	author = {Dazio, Alessandro},
	file = {Skript_Baudynamik.pdf:C\:\\Users\\Pascal Gitz\\Zotero\\storage\\DVR34HUS\\Skript_Baudynamik.pdf:application/pdf},
}

@techreport{manz_akustik_nodate,
	type = {Vorlesungsskript},
	title = {Akustik},
	institution = {HSLU Technik \& Architektur},
	author = {Manz, Heinrich},
	file = {Manz - Akustik.pdf:C\:\\Users\\Pascal Gitz\\Zotero\\storage\\Y84QYEM4\\Manz - Akustik.pdf:application/pdf},
}

@techreport{manz_aussenklima_nodate,
	type = {Vorlesungsskript},
	title = {Aussenklima, thermischer {Komfort}, {Wärme}, {Luftaustausch}, {Energie}},
	institution = {HSLU Technik \& Architektur},
	author = {Manz, Heinrich},
	file = {Manz - Aussenklima, thermischer Komfort, Wärme, Luftausta.pdf:C\:\\Users\\Pascal Gitz\\Zotero\\storage\\4WURVUI9\\Manz - Aussenklima, thermischer Komfort, Wärme, Luftausta.pdf:application/pdf},
}

@techreport{manz_feuchte_nodate,
	type = {Vorlesungsskript},
	title = {Feuchte, {Tageslicht}, {Stadtklima}, {Brand}},
	institution = {HSLU Technik \& Architektur},
	author = {Manz, Heinrich},
	file = {Manz - Feuchte, Tageslicht, Stadtklima, Brand.pdf:C\:\\Users\\Pascal Gitz\\Zotero\\storage\\68V7K5CZ\\Manz - Feuchte, Tageslicht, Stadtklima, Brand.pdf:application/pdf},
}

@techreport{huser_planungs-_nodate,
	type = {Vorlesungsskript},
	title = {Planungs- und {Umweltrecht}},
	institution = {MSE},
	author = {Huser, Meinrad},
	file = {Huser - Planungs- und Umweltrecht.pdf:C\:\\Users\\Pascal Gitz\\Zotero\\storage\\3VKL3MAF\\Huser - Planungs- und Umweltrecht.pdf:application/pdf},
}

@techreport{spathelf_querschnittsanalyse_2020,
	type = {Vorlesungsskript},
	title = {Querschnittsanalyse},
	institution = {HSLU Technik \& Architektur},
	author = {Spathelf, Christian},
	year = {2020},
	file = {Spathelf - 2020 - Querschnittsanalyse.pdf:C\:\\Users\\Pascal Gitz\\Zotero\\storage\\4TK4HPR8\\Spathelf - 2020 - Querschnittsanalyse.pdf:application/pdf},
}

@techreport{thoma_stahlbetonplatten_2020,
	type = {Vorlesungsskript},
	title = {Stahlbetonplatten mit {FEM}},
	institution = {HSLU Technik \& Architektur},
	author = {Thoma, Karel},
	year = {2020},
	file = {Thoma - 2020 - Stahlbetonplatten mit FEM.pdf:C\:\\Users\\Pascal Gitz\\Zotero\\storage\\6NDPW4XZ\\Thoma - 2020 - Stahlbetonplatten mit FEM.pdf:application/pdf},
}

@book{hegger_bewehren_2013,
	address = {Berlin Wien Zürich},
	edition = {1. Aufl},
	series = {Deutscher {Ausschuss} für {Stahlbeton}},
	title = {Bewehren nach {Eurocode} 2},
	isbn = {978-3-410-65248-9},
	language = {ger},
	number = {599},
	publisher = {Beuth},
	editor = {Hegger, Josef},
	year = {2013},
	file = {Hegger - 2013 - Bewehren nach Eurocode 2.pdf:C\:\\Users\\Pascal Gitz\\Zotero\\storage\\K4MNN849\\Hegger - 2013 - Bewehren nach Eurocode 2.pdf:application/pdf},
}

@techreport{thoma_beispielsammlung_2020,
	type = {Vorlesungsskript},
	title = {Beispielsammlung},
	institution = {HSLU Technik \& Architektur},
	author = {Thoma, Karel and Spathelf, Christian},
	year = {2020},
	file = {Thoma - 2020 - Beispielsammlung.pdf:C\:\\Users\\Pascal Gitz\\Zotero\\storage\\VWJSYTL6\\Thoma - 2020 - Beispielsammlung.pdf:application/pdf},
}

@techreport{thoma_vorspannung_2020,
	type = {Vorlesungsskript},
	title = {Vorspannung},
	institution = {HSLU Technik \& Architektur},
	author = {Thoma, Karel},
	year = {2020},
	file = {Thoma - 2020 - Vorspannung.pdf:C\:\\Users\\Pascal Gitz\\Zotero\\storage\\6G289LFI\\Thoma - 2020 - Vorspannung.pdf:application/pdf},
}

@techreport{spathelf_scheibentragwerke_2021,
	type = {Vorlesungsskript},
	title = {Scheibentragwerke},
	institution = {HSLU Technik \& Architektur},
	author = {Spathelf, Christian},
	year = {2021},
	file = {Spathelf - 2021 - Scheibentragwerke.pdf:C\:\\Users\\Pascal Gitz\\Zotero\\storage\\DP6YT6T5\\Spathelf - 2021 - Scheibentragwerke.pdf:application/pdf},
}

@techreport{thoma_stutzen_2008,
	type = {Vorlesungsskript},
	title = {Stützen},
	institution = {HSLU Technik \& Architektur},
	author = {Thoma, Karel},
	year = {2008},
	file = {Thoma - 2008 - Stützen.pdf:C\:\\Users\\Pascal Gitz\\Zotero\\storage\\QFXF5URV\\Thoma - 2008 - Stützen.pdf:application/pdf},
}

@techreport{spathelf_ermudung_2022,
	type = {Vorlesungsskript},
	title = {Ermüdung von {Betonbauten}},
	institution = {HSLU Technik \& Architektur},
	author = {Spathelf, Christian},
	year = {2022},
	file = {Spathelf - 2020 - Ermüdung von Betonbauten.pdf:C\:\\Users\\Pascal Gitz\\Zotero\\storage\\PNXWVFXA\\Spathelf - 2020 - Ermüdung von Betonbauten.pdf:application/pdf},
}

@techreport{spathelf_gebrauchstauglichkeit_2022,
	type = {Vorlesungsskript},
	title = {Gebrauchstauglichkeit},
	institution = {HSLU Technik \& Architektur},
	author = {Spathelf, Christian},
	year = {2022},
	file = {Spathelf - 2022 - Gebrauchstauglichkeit.pdf:C\:\\Users\\Pascal Gitz\\Zotero\\storage\\9KR35CXH\\Spathelf - 2022 - Gebrauchstauglichkeit.pdf:application/pdf},
}

@techreport{gollob_statische_2022,
	type = {Vorlesungsskript},
	title = {Statische Überprüfung im {Massivbau}},
	institution = {HSLU Technik \& Architektur},
	author = {Gollob, Stephan},
	year = {2022},
	file = {Gollob - 2022 - Statische Überprüfung im Massivbau.pdf:C\:\\Users\\Pascal Gitz\\Zotero\\storage\\TSF26W89\\Gollob - 2022 - Statische Überprüfung im Massivbau.pdf:application/pdf},
}

@misc{gitz_zusammenfassung_nodate,
	title = {Zusammenfassung {Massivbau}},
	author = {Gitz, Pascal},
	file = {Gitz - Zusammenfassung.pdf:C\:\\Users\\Pascal Gitz\\Zotero\\storage\\PIW3U345\\Gitz - Zusammenfassung.pdf:application/pdf},
}

@techreport{spathelf_grundlagen_2021,
	type = {Vorlesungsskript},
	title = {Grundlagen, {Bemessung} und {Konstruktion}},
	institution = {HSLU Technik \& Architektur},
	author = {Spathelf, Christian},
	year = {2021},
	file = {Spathelf - 2021 - Grundlagen, Bemessung und Konstruktion.pdf:C\:\\Users\\Pascal Gitz\\Zotero\\storage\\KESP9NLM\\Spathelf - 2021 - Grundlagen, Bemessung und Konstruktion.pdf:application/pdf},
}

@techreport{arnold_grundbau_nodate,
	type = {Vorlesungsskript},
	title = {Grundbau},
	institution = {HSLU Technik \& Architektur},
	author = {Arnold, André},
	file = {Arnold - Grundbau.pdf:C\:\\Users\\Pascal Gitz\\Zotero\\storage\\2J2NGV9U\\Arnold - Grundbau.pdf:application/pdf},
}

@book{lang_bodenmechanik_2011,
	address = {Berlin Heidelberg},
	edition = {9., bearb. Aufl},
	title = {Bodenmechanik und {Grundbau}: das {Verhalten} von {Böden} und {Fels} und die wichtigsten grundbaulichen {Konzepte}},
	isbn = {978-3-642-14686-2},
	shorttitle = {Bodenmechanik und {Grundbau}},
	language = {ger},
	publisher = {Springer},
	editor = {Lang, Hans-Jürgen},
	year = {2011},
	file = {Lang - 2011 - Bodenmechanik und Grundbau das Verhalten von Böde.pdf:C\:\\Users\\Pascal Gitz\\Zotero\\storage\\AB4ISQP7\\Lang - 2011 - Bodenmechanik und Grundbau das Verhalten von Böde.pdf:application/pdf},
}

@book{witt_grundbau-taschenbuch_2010,
	address = {Berlin},
	edition = {7. Aufl., 1. Nachdr},
	title = {Grundbau-{Taschenbuch}. {Teil} 1: {Geotechnische} {Grundlagen} / {Karl} {Josef} {Witt} ({Hrsg}.)},
	isbn = {978-3-433-01843-9},
	shorttitle = {Grundbau-{Taschenbuch}. {Teil} 1},
	language = {ger},
	publisher = {Ernst},
	editor = {Witt, Karl Josef},
	year = {2010},
	file = {Witt - 2010 - Grundbau-Taschenbuch. Teil 1 Geotechnische Grundl.pdf:C\:\\Users\\Pascal Gitz\\Zotero\\storage\\WQ8MRIUF\\Witt - 2010 - Grundbau-Taschenbuch. Teil 1 Geotechnische Grundl.pdf:application/pdf},
}

@book{witt_grundbau-taschenbuch_2011,
	address = {Berlin},
	edition = {7. Aufl., 1. Nachdr},
	title = {Grundbau-{Taschenbuch}. {Teil} 2: {Geotechnische} {Verfahren} / {Karl} {Josef} {Witt} ({Hrsg}.)},
	isbn = {978-3-433-01845-3},
	shorttitle = {Grundbau-{Taschenbuch}. {Teil} 2},
	language = {ger},
	publisher = {Ernst},
	editor = {Witt, Karl Josef},
	year = {2011},
	file = {Witt - 2011 - Grundbau-Taschenbuch. Teil 2 Geotechnische Verfah.pdf:C\:\\Users\\Pascal Gitz\\Zotero\\storage\\IBWPUHWK\\Witt - 2011 - Grundbau-Taschenbuch. Teil 2 Geotechnische Verfah.pdf:application/pdf},
}

@book{witt_grundbau-taschenbuch_2011-1,
	address = {Berlin},
	edition = {7. Aufl., 1. Nachdr},
	title = {Grundbau-{Taschenbuch}. {Teil} 3: {Gründungen} und geotechnische {Bauwerke} / {Karl} {Josef} {Witt} ({Hrsg}.)},
	isbn = {978-3-433-01846-0},
	shorttitle = {Grundbau-{Taschenbuch}. {Teil} 3},
	language = {ger},
	publisher = {Ernst},
	editor = {Witt, Karl Josef},
	year = {2011},
	file = {Witt - 2011 - Grundbau-Taschenbuch. Teil 3 Gründungen und geote.pdf:C\:\\Users\\Pascal Gitz\\Zotero\\storage\\TK52YE3E\\Witt - 2011 - Grundbau-Taschenbuch. Teil 3 Gründungen und geote.pdf:application/pdf},
}

@techreport{vogt_spezialtiefbau_nodate,
	type = {Vorlesungsskript},
	title = {Spezialtiefbau},
	institution = {HSLU Technik \& Architektur},
	author = {Vogt, Hansjörg},
	file = {Vogt - Spezialtiefbau.pdf:C\:\\Users\\Pascal Gitz\\Zotero\\storage\\D6T3CY3T\\Vogt - Spezialtiefbau.pdf:application/pdf},
}

@techreport{arnold_bodenmechanik_2020,
	type = {Vorlesungsskript},
	title = {Bodenmechanik},
	institution = {HSLU Technik \& Architektur},
	author = {Arnold, André},
	year = {2020},
	file = {Arnold - Bodenmechanik.pdf:C\:\\Users\\Pascal Gitz\\Zotero\\storage\\BYXYWYMQ\\Arnold - Bodenmechanik.pdf:application/pdf},
}

@misc{gitz_zusammenfassung_nodate-1,
	title = {Zusammenfassung {Spezialtiefbau}},
	author = {Gitz, Pascal and Andereggen, Nico},
	file = {Gitz - Zusammenfassung Spezialtiefbau.pdf:C\:\\Users\\Pascal Gitz\\Zotero\\storage\\UL79ISVA\\Gitz - Zusammenfassung Spezialtiefbau.pdf:application/pdf},
}

@book{deutsche_gesellschaft_fur_geotechnik_empfehlungen_2013,
	address = {Berlin},
	edition = {2. Aufl., 1. Nachdr},
	title = {Empfehlungen des {Arbeitskreises} "{Pfähle}": {EA}-{Pfähle}},
	isbn = {978-3-433-60156-3 978-3-433-03005-9},
	shorttitle = {Empfehlungen des {Arbeitskreises} "{Pfähle}"},
	language = {ger},
	publisher = {Ernst},
	author = {Deutsche Gesellschaft für Geotechnik},
	editor = {Kempfert, Hans-Georg},
	year = {2013},
	file = {Deutsche Gesellschaft für Geotechnik - 2013 - Empfehlungen des Arbeitskreises Pfähle EA-Pfähl.pdf:C\:\\Users\\Pascal Gitz\\Zotero\\storage\\9V6SNWUW\\Deutsche Gesellschaft für Geotechnik - 2013 - Empfehlungen des Arbeitskreises Pfähle EA-Pfähl.pdf:application/pdf},
}

@techreport{rabaiotti_numerische_nodate,
	type = {Vorlesungsskript},
	title = {Numerische {Modellierung}},
	institution = {MSE},
	author = {Rabaiotti, Carlo},
	file = {Rabaiotti - Numerische Modellierung.pdf:C\:\\Users\\Pascal Gitz\\Zotero\\storage\\CEBFF8KH\\Rabaiotti - Numerische Modellierung.pdf:application/pdf},
}

@techreport{lifa_naturgefahren_nodate,
	type = {Vorlesungsskript},
	title = {Naturgefahren},
	institution = {MSE},
	author = {Lifa, Imad},
}

@techreport{wagner_monitoring_2020,
	type = {Vorlesungsskript},
	title = {Monitoring the {Condition} of {Buildings}},
	author = {Wagner, Robert},
	year = {2020},
	keywords = {Holzbau},
	file = {Wagner - 2020 - Monitoring the Condition of Buildings.pdf:C\:\\Users\\Pascal Gitz\\Zotero\\storage\\WANSNYYF\\Wagner - 2020 - Monitoring the Condition of Buildings.pdf:application/pdf},
}

@book{fuhrmann_holzbautabellen_nodate,
	series = {Lignum},
	title = {Holzbautabellen {Beispielsammlung}},
	author = {Fuhrmann, Christof},
	keywords = {Holzbau},
	file = {Holzbautabellen.pdf:C\:\\Users\\Pascal Gitz\\Zotero\\storage\\FQU925M7\\Holzbautabellen.pdf:application/pdf},
}

@book{fuhrmann_holzbautabellen_nodate-1,
	series = {Lignum},
	title = {Holzbautabellen {Handbuch} für die {Bemessung}},
	author = {Fuhrmann, Christof},
	keywords = {Holzbau},
	file = {Fuhrmann - Holzbautabellen Handbuch für die Bemessung.pdf:C\:\\Users\\Pascal Gitz\\Zotero\\storage\\3CRK6JMB\\Fuhrmann - Holzbautabellen Handbuch für die Bemessung.pdf:application/pdf},
}

@misc{arnold_formelsammlung_nodate,
	title = {Formelsammlung {Hydraulik}},
	author = {Arnold, André},
	file = {Arnold - Formelsammlung Hydraulik.pdf:C\:\\Users\\Pascal Gitz\\Zotero\\storage\\P6LPT2EX\\Arnold - Formelsammlung Hydraulik.pdf:application/pdf},
}

@book{matthes_python_2023,
	address = {San Francisco},
	edition = {3rd edition},
	title = {Python crash course: a hands-on, project-based introduction to programming},
	isbn = {978-1-71850-270-3},
	shorttitle = {Python crash course},
	abstract = {Includes instructions for basic concepts such as variables, lists, classes, and loops. Practice exercises come with each topic. The end goal is the creation of a Space Invaders-inspired arcade game to deploy online},
	publisher = {No Starch Press},
	author = {Matthes, Eric},
	year = {2023},
	note = {OCLC: on1350635022},
	keywords = {computer programming, Computer programming, COMPUTERS / Computer Science, COMPUTERS / Languages / Python, COMPUTERS / Programming / Open Source, Guides et manuels, handbooks, Handbooks and manuals, Programmation (Informatique), Python (Computer language), Python (Computer program language), Python (Langage de programmation)},
	file = {Matthes - 2023 - Python crash course a hands-on, project-based int.pdf:C\:\\Users\\Pascal Gitz\\Zotero\\storage\\TKAP9DD8\\Matthes - 2023 - Python crash course a hands-on, project-based int.pdf:application/pdf},
}

@techreport{spathelf_lastermittlung_2021,
	type = {Vorlesungsskript},
	title = {Lastermittlung},
	institution = {HSLU Technik \& Architektur},
	author = {Spathelf, Christian},
	year = {2021},
	keywords = {SIA, SIA 261},
	file = {Spathelf - Lastermittlung.pdf:C\:\\Users\\Pascal Gitz\\Zotero\\storage\\P84ISKZ4\\Spathelf - Lastermittlung.pdf:application/pdf},
}

@techreport{spathelf_lastermittlung_2021-1,
	type = {Vorlesungsskript},
	title = {Lastermittlung Übungen},
	institution = {HSLU Technik \& Architektur},
	author = {Spathelf, Christian},
	year = {2021},
	file = {GL_Projekt_F2001_HUe02_Strassenverkehr_Aufgabenstellung.pdf:C\:\\Users\\Pascal Gitz\\Zotero\\storage\\9YACH7AP\\GL_Projekt_F2001_HUe02_Strassenverkehr_Aufgabenstellung.pdf:application/pdf;GL_Projekt_F2001_HUe02_Strassenverkehr_Musterloesung.pdf:C\:\\Users\\Pascal Gitz\\Zotero\\storage\\XKJNMXFW\\GL_Projekt_F2001_HUe02_Strassenverkehr_Musterloesung.pdf:application/pdf;GL_Projekt_F2101_UnterrichtsBsp01.pdf:C\:\\Users\\Pascal Gitz\\Zotero\\storage\\6K5CL3VJ\\GL_Projekt_F2101_UnterrichtsBsp01.pdf:application/pdf;GL_Projekt_HUe01_Hochbau_AS.pdf:C\:\\Users\\Pascal Gitz\\Zotero\\storage\\KSA2IR33\\GL_Projekt_HUe01_Hochbau_AS.pdf:application/pdf;GL_Projekt_HUe01_Hochbau_ML.pdf:C\:\\Users\\Pascal Gitz\\Zotero\\storage\\5F7JUBSG\\GL_Projekt_HUe01_Hochbau_ML.pdf:application/pdf;GL_Projekt_HUe02_Hochbau_AS.pdf:C\:\\Users\\Pascal Gitz\\Zotero\\storage\\ZANRHBZG\\GL_Projekt_HUe02_Hochbau_AS.pdf:application/pdf;GL_Projekt_HUe02_Hochbau_ML.pdf:C\:\\Users\\Pascal Gitz\\Zotero\\storage\\C2XTW59Y\\GL_Projekt_HUe02_Hochbau_ML.pdf:application/pdf;GL_Projekt_HUe03_Hochbau_AS.pdf:C\:\\Users\\Pascal Gitz\\Zotero\\storage\\AKRJ9VCG\\GL_Projekt_HUe03_Hochbau_AS.pdf:application/pdf;GL_Projekt_HUe03_Hochbau_ML.pdf:C\:\\Users\\Pascal Gitz\\Zotero\\storage\\V28DUW6M\\GL_Projekt_HUe03_Hochbau_ML.pdf:application/pdf;GL_Projekt_HUe04_Hochbau_AS.pdf:C\:\\Users\\Pascal Gitz\\Zotero\\storage\\MM5ZPM5C\\GL_Projekt_HUe04_Hochbau_AS.pdf:application/pdf;GL_Projekt_HUe04_Hochbau_ML.pdf:C\:\\Users\\Pascal Gitz\\Zotero\\storage\\MC56NUVV\\GL_Projekt_HUe04_Hochbau_ML.pdf:application/pdf;GL_Projekt_HUe05_Hochbau_AS.pdf:C\:\\Users\\Pascal Gitz\\Zotero\\storage\\A7HPVD78\\GL_Projekt_HUe05_Hochbau_AS.pdf:application/pdf;GL_Projekt_HUe05_Hochbau_ML.pdf:C\:\\Users\\Pascal Gitz\\Zotero\\storage\\I9W49GDT\\GL_Projekt_HUe05_Hochbau_ML.pdf:application/pdf;GL_Projekt_HUe06_Hochbau_AS.pdf:C\:\\Users\\Pascal Gitz\\Zotero\\storage\\9DJD7EP7\\GL_Projekt_HUe06_Hochbau_AS.pdf:application/pdf;GL_Projekt_HUe06_Hochbau_ML.pdf:C\:\\Users\\Pascal Gitz\\Zotero\\storage\\G7YNV7MF\\GL_Projekt_HUe06_Hochbau_ML.pdf:application/pdf;GL_Projekt_HUe07_Hochbau_AS.pdf:C\:\\Users\\Pascal Gitz\\Zotero\\storage\\SV2QKFN4\\GL_Projekt_HUe07_Hochbau_AS.pdf:application/pdf;GL_Projekt_HUe07_Hochbau_ML.pdf:C\:\\Users\\Pascal Gitz\\Zotero\\storage\\SXKLDGX8\\GL_Projekt_HUe07_Hochbau_ML.pdf:application/pdf},
}

@book{noauthor_verbundbau_nodate,
	series = {C1/12},
	title = {Verbundbau {Bemessungstafeln}},
	publisher = {steelwork},
	keywords = {Stahlbau},
	file = {Verbundbau Bemessungstafeln.pdf:C\:\\Users\\Pascal Gitz\\Zotero\\storage\\6RJU7BGP\\Verbundbau Bemessungstafeln.pdf:application/pdf},
}

@book{noauthor_bemessungstafeln_nodate,
	series = {C4/06},
	title = {Bemessungstafeln},
	publisher = {steelwork},
	keywords = {Stahlbau},
	file = {Bemessungstafeln.pdf:C\:\\Users\\Pascal Gitz\\Zotero\\storage\\6GWM2VXN\\Bemessungstafeln.pdf:application/pdf},
}

@book{noauthor_konstruktionstabellen_nodate,
	series = {C5/05},
	title = {Konstruktionstabellen},
	publisher = {steelwork},
	keywords = {Stahlbau},
	file = {Konstruktionstabellen.pdf:C\:\\Users\\Pascal Gitz\\Zotero\\storage\\YY7XUR83\\Konstruktionstabellen.pdf:application/pdf},
}

@book{noauthor_tragerstosse_nodate,
	series = {C9.{A}/14},
	title = {Trägerstösse mit {Stirnplatten} {Fahnenblechanschlüsse}},
	publisher = {steelwork},
	keywords = {Stahlbau},
	file = {Trägerstösse mit Stirnplatten Fahnenblechanschlüss.pdf:C\:\\Users\\Pascal Gitz\\Zotero\\storage\\PL9TY5KX\\Trägerstösse mit Stirnplatten Fahnenblechanschlüss.pdf:application/pdf},
}

@techreport{baur_verbundbau_nodate,
	type = {Vorlesungsskript},
	title = {Verbundbau},
	author = {Baur, Michael},
	keywords = {Stahlbau},
	file = {02.6_SB_Kompendium_Verbundbau.pdf:C\:\\Users\\Pascal Gitz\\Zotero\\storage\\8HIERS5K\\02.6_SB_Kompendium_Verbundbau.pdf:application/pdf},
}

@misc{gitz_zusammenfassung_nodate-2,
	title = {Zusammenfassung {Stahl}- und {Verbundbau}},
	author = {Gitz, Pascal},
	keywords = {Stahlbau},
	file = {Gitz - Zusammenfassung Stahl- und Verbundbau.pdf:C\:\\Users\\Pascal Gitz\\Zotero\\storage\\X5XPR6Z9\\Gitz - Zusammenfassung Stahl- und Verbundbau.pdf:application/pdf},
}

@misc{gitz_berechnungsvorgehen_nodate,
	title = {Berechnungsvorgehen {Stahlbau}},
	author = {Gitz, Pascal},
	keywords = {Stahlbau},
	file = {Gitz - Berechnungsvorgehen.pdf:C\:\\Users\\Pascal Gitz\\Zotero\\storage\\SDUXJXQN\\Gitz - Berechnungsvorgehen.pdf:application/pdf},
}

@techreport{kenel_statistische_2021,
	type = {Vorlesungsskript},
	title = {Statistische {Grundlagen} und {Konzepte}},
	institution = {HSLU Technik \& Architektur},
	author = {Kenel, Albin},
	year = {2021},
	file = {Kenel - 2021 - Statistische Grundlagen und Konzepte.pdf:C\:\\Users\\Pascal Gitz\\Zotero\\storage\\A5VU8TVZ\\Kenel - 2021 - Statistische Grundlagen und Konzepte.pdf:application/pdf},
}

@techreport{steiner-curtis_applied_2022,
	type = {Vorlesungsskript},
	title = {Applied {Statistics} and {Data} {Analysis}},
	institution = {MSE},
	author = {Steiner-Curtis, Marcel},
	year = {2022},
	file = {Steiner-Curtis - 2022 - Applied Statistics and Data Analysis.pdf:C\:\\Users\\Pascal Gitz\\Zotero\\storage\\BE6IB2JH\\Steiner-Curtis - 2022 - Applied Statistics and Data Analysis.pdf:application/pdf},
}

@techreport{wenk_monitoring_2009,
	type = {Vorlesungsskript},
	title = {Monitoring the {Condition} of {Buildings}},
	institution = {MSE},
	author = {Wenk, Felix},
	year = {2009},
	file = {Wenk - 2009 - Monitoring the Condition of Buildings.pdf:C\:\\Users\\Pascal Gitz\\Zotero\\storage\\645X2FPU\\Wenk - 2009 - Monitoring the Condition of Buildings.pdf:application/pdf},
}

@techreport{noauthor_sia_2013,
	type = {Norm},
	title = {{SIA} 260 - {Grundlagen} der {Projektierung} von {Tragwerken}},
	number = {SN 505260},
	institution = {Schwerizerischer Ingenieur- und Architektenverein},
	year = {2013},
	keywords = {SIA, SIA 260},
	file = {2013 - SIA 260 - Grundlagen der Projektierung von Tragewe.pdf:C\:\\Users\\Pascal Gitz\\Zotero\\storage\\XBXSQHBR\\2013 - SIA 260 - Grundlagen der Projektierung von Tragewe.pdf:application/pdf},
}

@techreport{noauthor_sia_2020,
	type = {Norm},
	title = {{SIA} 261 - {Einwirkungen} auf {Tragwerke}},
	number = {SN 505261},
	institution = {Schwerizerischer Ingenieur- und Architektenverein},
	year = {2020},
	keywords = {SIA, SIA 260},
	file = {2020 - SIA 261 - Einwirkungen auf Tragwerke.pdf:C\:\\Users\\Pascal Gitz\\Zotero\\storage\\8ZFKZ6Y4\\2020 - SIA 261 - Einwirkungen auf Tragwerke.pdf:application/pdf},
}

@techreport{noauthor_sia_2013-1,
	type = {Norm},
	title = {{SIA} 262 - {Betonbau}},
	number = {SN 505262},
	institution = {Schwerizerischer Ingenieur- und Architektenverein},
	year = {2013},
	keywords = {SIA, SIA 260},
	file = {2013 - SIA 262 - Betonbau.pdf:C\:\\Users\\Pascal Gitz\\Zotero\\storage\\CILEQRGY\\2013 - SIA 262 - Betonbau.pdf:application/pdf},
}

@techreport{noauthor_sia_2019,
	type = {Norm},
	title = {{SIA} 262/1 - {Betonbau} - {Ergänzende} {Festlegungen}},
	number = {SN 505262/1},
	institution = {Schwerizerischer Ingenieur- und Architektenverein},
	year = {2019},
	keywords = {SIA, SIA 260},
	file = {2019 - SIA 2621 - Betonbau - Ergänzende Festlegungen.pdf:C\:\\Users\\Pascal Gitz\\Zotero\\storage\\F2BJTZW7\\2019 - SIA 2621 - Betonbau - Ergänzende Festlegungen.pdf:application/pdf},
}

@techreport{noauthor_sia_2013-2,
	type = {Norm},
	title = {{SIA} 263 - {Stahlbau}},
	number = {SN 505263},
	institution = {Schwerizerischer Ingenieur- und Architektenverein},
	year = {2013},
	keywords = {SIA, SIA 260},
	file = {2013 - SIA 263 - Stahlbau.pdf:C\:\\Users\\Pascal Gitz\\Zotero\\storage\\NLPGQS3Z\\2013 - SIA 263 - Stahlbau.pdf:application/pdf},
}

@techreport{noauthor_sia_2014,
	type = {Norm},
	title = {{SIA} 264 - {Stahl}-{Beton}-{Verbundbau}},
	number = {SN 505264},
	institution = {Schwerizerischer Ingenieur- und Architektenverein},
	year = {2014},
	keywords = {SIA, SIA 260},
	file = {2014 - SIA 264 - Stahl-Beton-Verbundbau.pdf:C\:\\Users\\Pascal Gitz\\Zotero\\storage\\J7CFRAT6\\2014 - SIA 264 - Stahl-Beton-Verbundbau.pdf:application/pdf},
}

@techreport{noauthor_sia_2021,
	type = {Norm},
	title = {{SIA} 265 - {Holzbau}},
	number = {SN 505265},
	institution = {Schwerizerischer Ingenieur- und Architektenverein},
	year = {2021},
	keywords = {SIA, SIA 260},
	file = {2021 - SIA 265 - Holzbau.pdf:C\:\\Users\\Pascal Gitz\\Zotero\\storage\\CTTLZRXT\\2021 - SIA 265 - Holzbau.pdf:application/pdf},
}

@techreport{noauthor_sia_2018,
	type = {Norm},
	title = {{SIA} 265/1 - {Holzbau}- {Ergänzende} {Festlegungen}},
	number = {SN 505265/1},
	institution = {Schwerizerischer Ingenieur- und Architektenverein},
	year = {2018},
	keywords = {SIA, SIA 260},
	file = {2018 - SIA 2651 - Holzbau- Ergänzende Festlegungen.pdf:C\:\\Users\\Pascal Gitz\\Zotero\\storage\\PSZZ3L6H\\2018 - SIA 2651 - Holzbau- Ergänzende Festlegungen.pdf:application/pdf},
}

@techreport{noauthor_sia_2021-1,
	type = {Norm},
	title = {{SIA} 266 - {Mauerwerk}},
	number = {SN 505266},
	institution = {Schwerizerischer Ingenieur- und Architektenverein},
	year = {2021},
	keywords = {SIA, SIA 260},
	file = {2021 - SIA 266 - Mauerwerk.pdf:C\:\\Users\\Pascal Gitz\\Zotero\\storage\\2JGSTHPC\\2021 - SIA 266 - Mauerwerk.pdf:application/pdf},
}

@techreport{noauthor_sia_2021-2,
	type = {Norm},
	title = {{SIA} 267 - {Geotechnik}},
	number = {SN 505267},
	institution = {Schwerizerischer Ingenieur- und Architektenverein},
	year = {2021},
	keywords = {SIA, SIA 260},
	file = {2021 - SIA 267 - Geotechnik.pdf:C\:\\Users\\Pascal Gitz\\Zotero\\storage\\JZ3EA497\\2021 - SIA 267 - Geotechnik.pdf:application/pdf},
}

@techreport{noauthor_sia_2011,
	type = {Norm},
	title = {{SIA} 269 - {Grundlagen} der {Erhaltung} von {Tragwerken}},
	number = {SN 505269},
	institution = {Schwerizerischer Ingenieur- und Architektenverein},
	year = {2011},
	keywords = {SIA, SIA 260},
	file = {2011 - SIA 269 - Grundlagen der Erhaltung von Tragwerken.pdf:C\:\\Users\\Pascal Gitz\\Zotero\\storage\\PJKV5PKZ\\2011 - SIA 269 - Grundlagen der Erhaltung von Tragwerken.pdf:application/pdf},
}

@techreport{noauthor_sia_2011-1,
	type = {Norm},
	title = {{SIA} 269/2 - {Erhaltung} von {Tragwerken} - {Betonbau}},
	number = {SN 505269/2},
	institution = {Schwerizerischer Ingenieur- und Architektenverein},
	year = {2011},
	keywords = {SIA, SIA 260},
	file = {2011 - SIA 2692 -Erhaltung von Tragwerken - Betonbau.pdf:C\:\\Users\\Pascal Gitz\\Zotero\\storage\\SX439FQP\\2011 - SIA 2692 -Erhaltung von Tragwerken - Betonbau.pdf:application/pdf},
}

@techreport{noauthor_sia_2011-2,
	type = {Norm},
	title = {{SIA} 269/7 - {Erhaltung} von {Tragwerken} - {Geotechnik}},
	number = {SN 505269/7},
	institution = {Schwerizerischer Ingenieur- und Architektenverein},
	year = {2011},
	keywords = {SIA, SIA 260},
	file = {2011 - SIA 2697 -Erhaltung von Tragwerken - Geotechnik.pdf:C\:\\Users\\Pascal Gitz\\Zotero\\storage\\QDBKPEV9\\2011 - SIA 2697 -Erhaltung von Tragwerken - Geotechnik.pdf:application/pdf},
}

@techreport{noauthor_sia_2011-3,
	type = {Norm},
	title = {{SIA} 269/4 - {Erhaltung} von {Tragwerken} - {Stahl}-{Beton}-{Verbundbau}},
	number = {SN 505269/4},
	institution = {Schwerizerischer Ingenieur- und Architektenverein},
	year = {2011},
	keywords = {SIA, SIA 260},
	file = {2011 - SIA 2694 -Erhaltung von Tragwerken - Stahl-Beton-.pdf:C\:\\Users\\Pascal Gitz\\Zotero\\storage\\6JCID8UP\\2011 - SIA 2694 -Erhaltung von Tragwerken - Stahl-Beton-.pdf:application/pdf},
}

@techreport{noauthor_sia_2011-4,
	type = {Norm},
	title = {{SIA} 269/1 - {Erhaltung} von {Tragwerken} - {Einwirkungen}},
	number = {SN 505269/1},
	institution = {Schwerizerischer Ingenieur- und Architektenverein},
	year = {2011},
	keywords = {SIA, SIA 260},
	file = {2011 - SIA 2691 -Erhaltung von Tragwerken - Einwirkungen.pdf:C\:\\Users\\Pascal Gitz\\Zotero\\storage\\XY5MUKUE\\2011 - SIA 2691 -Erhaltung von Tragwerken - Einwirkungen.pdf:application/pdf},
}

@techreport{noauthor_sia_2011-5,
	type = {Norm},
	title = {{SIA} 269/8 - {Erhaltung} von {Tragwerken} - {Erdbeben}},
	number = {SN 505269/8},
	institution = {Schwerizerischer Ingenieur- und Architektenverein},
	year = {2011},
	keywords = {SIA, SIA 260},
	file = {2011 - SIA 2698 -Erhaltung von Tragwerken - Erdbeben.pdf:C\:\\Users\\Pascal Gitz\\Zotero\\storage\\HCGGE32F\\2011 - SIA 2698 -Erhaltung von Tragwerken - Erdbeben.pdf:application/pdf},
}

@techreport{noauthor_sia_2011-6,
	type = {Norm},
	title = {{SIA} 269/5 - {Erhaltung} von {Tragwerken} - {Holzbau}},
	number = {SN 505269/5},
	institution = {Schwerizerischer Ingenieur- und Architektenverein},
	year = {2011},
	keywords = {SIA, SIA 260},
	file = {2011 - SIA 2695 -Erhaltung von Tragwerken - Holzbau.pdf:C\:\\Users\\Pascal Gitz\\Zotero\\storage\\RECVG4BQ\\2011 - SIA 2695 -Erhaltung von Tragwerken - Holzbau.pdf:application/pdf},
}

@techreport{noauthor_sia_2011-7,
	type = {Norm},
	title = {{SIA} 269/3 - {Erhaltung} von {Tragwerken} - {Stahlbau}},
	number = {SN 505269/3},
	institution = {Schwerizerischer Ingenieur- und Architektenverein},
	year = {2011},
	keywords = {SIA, SIA 260},
	file = {2011 - SIA 2693 -Erhaltung von Tragwerken - Stahlbau.pdf:C\:\\Users\\Pascal Gitz\\Zotero\\storage\\KRUT7ERA\\2011 - SIA 2693 -Erhaltung von Tragwerken - Stahlbau.pdf:application/pdf},
}

@techreport{noauthor_sia_2011-8,
	type = {Norm},
	title = {{SIA} 269/6-1 - {Erhaltung} von {Tragwerken} - {Mauerwerksbau}, {Teil} 1: {Natursteinmauerwerk}},
	number = {SN 505269/6-1},
	institution = {Schwerizerischer Ingenieur- und Architektenverein},
	year = {2011},
	keywords = {SIA, SIA 260},
	file = {2011 - SIA 2696-1 -Erhaltung von Tragwerken - Mauerwerks.pdf:C\:\\Users\\Pascal Gitz\\Zotero\\storage\\MSYW36QI\\2011 - SIA 2696-1 -Erhaltung von Tragwerken - Mauerwerks.pdf:application/pdf},
}

@techreport{noauthor_sia_2014-1,
	type = {Norm},
	title = {{SIA} 269/6-2 - {Erhaltung} von {Tragwerken} - {Mauerwerksbau}, {Teil} 1: {Mauerwerk} aus künstlichen {Steinen}},
	number = {SN 505269/6-2},
	institution = {Schwerizerischer Ingenieur- und Architektenverein},
	year = {2014},
	keywords = {SIA, SIA 260},
	file = {2011 - SIA 2696-1 - Erhaltung von Tragwerken - Mauerwerk.pdf:C\:\\Users\\Pascal Gitz\\Zotero\\storage\\UAZYIV8K\\2011 - SIA 2696-1 - Erhaltung von Tragwerken - Mauerwerk.pdf:application/pdf},
}

@techreport{noauthor_sia_2017,
	type = {Norm},
	title = {{SIA} 262-{C1} - {Betonbau} - {Korrigenda} {C1} zur {Norm} {SIA} 262:2013},
	number = {SN 505262-C1},
	institution = {Schwerizerischer Ingenieur- und Architektenverein},
	year = {2017},
	keywords = {SIA, SIA 260},
	file = {2017 - SIA 262-C1 - Betonbau - Korrigenda C1 zur Norm SIA.pdf:C\:\\Users\\Pascal Gitz\\Zotero\\storage\\XX9LXZT9\\2017 - SIA 262-C1 - Betonbau - Korrigenda C1 zur Norm SIA.pdf:application/pdf},
}

@techreport{heinzmann_stabilitat_nodate,
	type = {Vorlesungsskript},
	title = {Stabilität},
	institution = {HSLU Technik \& Architektur},
	author = {Heinzmann, Daniel},
	file = {Heinzmann - Stabilität.pdf:C\:\\Users\\Pascal Gitz\\Zotero\\storage\\LWETB2SJ\\Heinzmann - Stabilität.pdf:application/pdf},
}

@book{ritz_biegeverhalten_1978,
	address = {Zürich [i.e. Basel Stuttgart]},
	series = {Bericht / {Institut} für {Baustatik} und {Konstruktion}, {Eidgenössische} {Technische} {Hochschule} {Zürich}},
	title = {Biegeverhalten von {Platten} mit {Vorspannung} ohne {Verbund}},
	isbn = {978-3-7643-1031-8},
	language = {ger},
	number = {80},
	publisher = {Birkhäuser},
	author = {Ritz, Peter},
	year = {1978},
	file = {Ritz - 1978 - Biegeverhalten von Platten mit Vorspannung ohne Ve.pdf:C\:\\Users\\Pascal Gitz\\Zotero\\storage\\D9EJWJ8U\\Ritz - 1978 - Biegeverhalten von Platten mit Vorspannung ohne Ve.pdf:application/pdf},
}

@book{sigrist_versuche_1993,
	address = {Basel Boston Berlin},
	series = {Bericht / {Institut} für {Baustatik} und {Konstruktion} {ETH} {Zürich}},
	title = {Versuche zum {Verformungsvermögen} von {Stahlbetonträgern}},
	isbn = {978-3-7643-5007-9},
	language = {ger},
	number = {202},
	publisher = {Birkhäuser},
	author = {Sigrist, Viktor and Marti, Peter},
	year = {1993},
	file = {Sigrist und Marti - 1993 - Versuche zum Verformungsvermögen von Stahlbetonträ.pdf:C\:\\Users\\Pascal Gitz\\Zotero\\storage\\9HF4N8ZL\\Sigrist und Marti - 1993 - Versuche zum Verformungsvermögen von Stahlbetonträ.pdf:application/pdf},
}

@book{sigrist_zum_1995,
	address = {Basel Boston Berlin},
	series = {Bericht / {Institut} für {Baustatik} und {Konstruktion} {ETH} {Zürich}},
	title = {Zum {Verformungsvermögen} von {Stahlbetonträgern}},
	isbn = {978-3-7643-5279-0},
	language = {ger},
	number = {210},
	publisher = {Birkhäuser},
	author = {Sigrist, Viktor},
	year = {1995},
	file = {Sigrist - 1995 - Zum Verformungsvermögen von Stahlbetonträgern.pdf:C\:\\Users\\Pascal Gitz\\Zotero\\storage\\CXYC5M5X\\Sigrist - 1995 - Zum Verformungsvermögen von Stahlbetonträgern.pdf:application/pdf},
}

@article{thoma_finite_2014,
	title = {Finite {Elemente} {Analyse} von {Stahlbetonplatten}},
	volume = {109},
	url = {https://onlinelibrary.wiley.com/doi/abs/10.1002/best.201400047},
	doi = {https://doi.org/10.1002/best.201400047},
	abstract = {Abstract Die Berechnung des Last-Verformungs-Verhaltens von Stahlbetonplatten unter Berücksichtigung der materialbedingten Nichtlinearitäten ist aufwendig und komplex. Im Rahmen dieses Fachaufsatzes werden großmaßstäbliche Plattenversuche nachgerechnet, wobei die zugrunde gelegte Werkstoffbeziehung für Stahlbeton auf dem Gerissenen Scheibenmodell [2] in Kombination mit dem Schichtenmodell nach [4] basiert. Die Werkstoffbeziehung wurde als Usermat in ANSYS MECHANICAL APDL [5] implementiert. Neben dem Vergleich der berechneten und gemessenen Last-Verformungs-Verhalten der Plattenversuche sind auch die berechneten und gemessenen Verzerrungen, der Kraftfluss und das Rissbild an einem ausgewählten Plattenversuch gegenübergestellt. Um die Qualität der Nachrechnungen beurteilen zu können, wurden die Versuche zusätzlich mit zwei kommerziellen Finite-Elemente-Programmen SOFISTIK [14] und ABAQUS [15] nachgerechnet. Zudem wird der Einfluss der Idealisierung der Spannungs-Dehnungs-Beziehung für Betonstahl auf das Last-Verformungs-Verhalten der Platten an einem Beispiel diskutiert. Es wird gezeigt, dass insbesondere das berechnete Verformungsvermögen der Platten stark von der Idealisierung der Werkstoffbeziehungen abhängt. Finite Element Analysis of Reinforced Concrete Slabs – Post-test calculations of plate tests using the cracked membrane model The calculation of the load-deformation behaviour of reinforced concrete slabs, under consideration of the non-linear material behaviour, is an involved and complex process. In this paper post-test calculations of large-scale plate tests are carried out. The utilised constitutive law for reinforced concrete is based on the combination of the cracked membrane model [2] and the layer model according to [4]. The constitutive law was implemented as Usermat in ANSYS MECHANICAL APDL. Comparisons of the calculated and measured load-deformation curves of the plate tests are carried out. The calculated and measured load-deformation curves of the plate tests are compared. Further, for a selected plate test, comparisons are carried out for the calculated and experimentally determined strains, the flow of force and the crack pattern. To assess the quality of the post-test calculations, the test results were also verified with the two commercially available finite element programs SOFISTIK [14] and ABAQUS [15]. Furthermore, a selected plate test is used to discuss the influence of the idealisation of the reinforcement steel stress-strain relationship on the load-deformation behaviour of the plates. It is shown that the calculated deformation capacity of the slabs is strongly dependent on the chosen idealisation of the constitutive law.},
	number = {12},
	journal = {Beton- und Stahlbetonbau},
	author = {Thoma, Karel and Roos, Patrick and Borkowski, Gregor},
	year = {2014},
	note = {\_eprint: https://onlinelibrary.wiley.com/doi/pdf/10.1002/best.201400047},
	keywords = {Berechnungs- und Bemessungsverfahren, Gerissenes Scheibenmodell, Modellierung, Nichtlineare Berechnungsverfahren, Platten, Schichtenmodell, Schiefe Bewehrung, Simulation, Versuche, Versuchsnachrechnung},
	pages = {895--904},
	file = {Thoma et al. - 2014 - Finite Elemente Analyse von Stahlbetonplatten.pdf:C\:\\Users\\Pascal Gitz\\Zotero\\storage\\4DN2PA7N\\Thoma et al. - 2014 - Finite Elemente Analyse von Stahlbetonplatten.pdf:application/pdf},
}

@book{alvarez_versuche_1996,
	address = {Basel Boston Berlin},
	series = {Bericht / {Institut} für {Baustatik} und {Konstruktion} {ETH} {Zürich}},
	title = {Versuche zum {Verbundverhalten} von {Bewehrungsstahl} bei plastischen {Verformungen}},
	isbn = {978-3-7643-5647-7},
	language = {ger},
	number = {222},
	publisher = {Birkhäuser},
	author = {Alvarez, Manuel and Marti, Peter},
	year = {1996},
	file = {Alvarez und Marti - 1996 - Versuche zum Verbundverhalten von Bewehrungsstahl .pdf:C\:\\Users\\Pascal Gitz\\Zotero\\storage\\8WCM53MH\\Alvarez und Marti - 1996 - Versuche zum Verbundverhalten von Bewehrungsstahl .pdf:application/pdf},
}

@unpublished{caflisch_biegeversuche_1970,
	address = {Zürich},
	type = {Working {Paper}},
	title = {Biegeversuche an teilweise vorgespannten {Betonbalken}},
	copyright = {In Copyright - Non-Commercial Use Permitted},
	language = {de},
	author = {Caflisch, Reto and Thürlimann, Bruno},
	year = {1970},
	doi = {10.3929/ethz-a-002212354},
	note = {Publication Title: Bericht / Institut für Baustatik ETH Zürich
Publisher: ETH, Institut für Baustatik
Volume: 6504-1},
	keywords = {BALKEN + TRÄGER (BAUSTATIK), BEAMS (STRUCTURAL ANALYSIS), DEFORMATION BY BENDING (ELASTOMECHANIK), FORMÄNDERUNG DURCH BIEGUNG (ELASTOMECHANIK), MODEL ANALYSIS OF STRUCTURES + EXPERIMENTAL STRUCTURAL ANALYSIS (CIVIL ENGINEERING), MODELLSTATIK + EXPERIMEN℡LE BAUSTATIK (BAUINGENIEURWESEN), PARTIAL PRESTRESSING (CONCRETE CONSTRUCTION), TEILWEISE VORSPANNUNG (BETONBAU)},
	file = {Caflisch und Thürlimann - 1970 - Biegeversuche an teilweise vorgespannten Betonbalk.pdf:C\:\\Users\\Pascal Gitz\\Zotero\\storage\\Z5ZMCMBW\\Caflisch und Thürlimann - 1970 - Biegeversuche an teilweise vorgespannten Betonbalk.pdf:application/pdf},
}

@unpublished{krauss_versuche_1973,
	address = {Zürich},
	type = {Working {Paper}},
	title = {Versuche über den {Einfluss} geneigter {Spannkabel} in teilweise vorgespannten {Betonbalken}},
	copyright = {In Copyright - Non-Commercial Use Permitted},
	language = {de},
	author = {Krauss, Richard and Heimgartner, Ewald and Bachmann, Hugo},
	year = {1973},
	doi = {10.3929/ethz-a-002213417},
	note = {ISBN: 3-7643-0701-3
Publication Title: Bericht / Institut für Baustatik ETH Zürich
Publisher: Eidgenössische Technische Hochschule, Institut für Baustatik IBK
Volume: 6504-6},
	keywords = {BALKEN + TRÄGER (BAUSTATIK), BEAMS (STRUCTURAL ANALYSIS), MODEL ANALYSIS OF STRUCTURES + EXPERIMENTAL STRUCTURAL ANALYSIS (CIVIL ENGINEERING), MODELLSTATIK + EXPERIMEN℡LE BAUSTATIK (BAUINGENIEURWESEN), PARTIAL PRESTRESSING (CONCRETE CONSTRUCTION), TEILWEISE VORSPANNUNG (BETONBAU), PRESTRESSING REINFORCEMENT (CONCRETE CONSTRUCTION), SPANNBEWEHRUNG (BETONBAU)},
	file = {Krauss et al. - 1973 - Versuche über den Einfluss geneigter Spannkabel in.pdf:C\:\\Users\\Pascal Gitz\\Zotero\\storage\\AQRVXXDK\\Krauss et al. - 1973 - Versuche über den Einfluss geneigter Spannkabel in.pdf:application/pdf},
}

@article{konig_verformungsvermogen_1997,
	title = {Verformungsvermögen und {Umlagerungsverhalten} von {Stahlbeton}- und {Spannbetonbauteilen} ({Teil} 1).},
	volume = {92},
	url = {https://onlinelibrary.wiley.com/doi/abs/10.1002/best.199700510},
	doi = {https://doi.org/10.1002/best.199700510},
	abstract = {Abstract Mit der Einführung und Verbreitung des europäischen Regelwerks im Massivbau ist damit zu rechnen, daß auch die erweiterten Möglichkeiten der Ausnutzung von Schnittgrößenumlagerungen und der Schnittgrößenermittlung auf der Grundlage nichtlinearer Werkstoffgesetze verstärkt Einzug in die deutsche Bemessungspraxis finden werden. Eine in letzter Zeit lebhaft erörterte Voraussetzung für die Umlagerungsmöglichkeiten in Stahlbeton- und Spannbetontragwerken ist das ausreichende Verformungsvermögen der Tragwerke. Der vorliegende Beitrag soll einerseits die wichtigsten Einflüsse auf das Verformungsvermögen aufzeigen, andererseits den Zusammenhang zwischen Verformungsvermögen und Schnittgrößenumlagerung beleuchten. Darüber hinaus werden Hinweise für die sinnvolle Anwendung und den möglichen Nutzen der relativ aufwendigen Rechenverfahren gegeben.},
	number = {10},
	journal = {Beton- und Stahlbetonbau},
	author = {König, G. and Meyer, J. and Pommerening, D. and Qian, L. and Tue, N.},
	year = {1997},
	note = {\_eprint: https://onlinelibrary.wiley.com/doi/pdf/10.1002/best.199700510},
	keywords = {Bewehrung, Duktilität, Momenten-Verkrümmungs-Beziehung, nichtlineares Last-Verformungs-Verhalten, Riß, Schnittgrößenverteilung, Spannbeton, Stahlbeton, Steifigkeit, Tragwerk, Verbund, Verformungsverhalten, Vorspannung},
	pages = {266--272},
	file = {König et al. - 1997 - Verformungsvermögen und Umlagerungsverhalten von S.pdf:C\:\\Users\\Pascal Gitz\\Zotero\\storage\\XZZ2DD6L\\König et al. - 1997 - Verformungsvermögen und Umlagerungsverhalten von S.pdf:application/pdf},
}

@article{konig_verformungsvermogen_1997-1,
	title = {Verformungsvermögen und {Umlagerungsverhalten} von {Stahlbeton}‐ und {Spannbetonbauteilen} ({Teil} 2)},
	volume = {92},
	copyright = {Copyright © 1997 Ernst \& Sohn Verlag für Architektur und technische Wissenschaften GmbH \& Co. KG, Berlin},
	issn = {0005-9900},
	language = {eng},
	number = {11},
	journal = {Beton- und Stahlbetonbau},
	author = {König, G. and Meyer, J. and Pommerening, D. and Qian, L. and Tue, N.},
	year = {1997},
	note = {Place: Berlin
Publisher: WILEY‐VCH Verlag},
	pages = {313--319},
	file = {König et al. - 1997 - Verformungsvermögen und Umlagerungsverhalten von S.pdf:C\:\\Users\\Pascal Gitz\\Zotero\\storage\\37S4Q824\\König et al. - 1997 - Verformungsvermögen und Umlagerungsverhalten von S.pdf:application/pdf},
}

@misc{ingware_ag_axisvm_nodate,
	title = {{AxisVM} {X7}},
	url = {https://www.ingware.com/de/produkte/axisvm/},
	publisher = {Ingware AG},
	author = {Ingware AG},
}

@misc{cubus_ag_statik_nodate,
	title = {{STATIK}},
	url = {https://www.cubus-software.com/Guests/Produkte/Statik/d_main.html},
	publisher = {Cubus AG},
	author = {Cubus AG},
}

@techreport{locher_versuche_2014,
	address = {Zürich},
	type = {Report},
	title = {Versuche an {Plattenstreifen} aus {Stahlbeton} unter {Längszug} und {Querbelastung}. 2. {Serie}},
	copyright = {In Copyright - Non-Commercial Use Permitted},
	language = {de},
	institution = {Institut für Baustatik und Konstruktion der ETH Zürich},
	author = {Locher, Daniel and Galmarini, Andreas and Wyss, Jonas and Dubach, Roger and Marti, Peter},
	month = jan,
	year = {2014},
	doi = {10.3929/ethz-a-010076379},
	note = {Publication Title: IBK Bericht
Volume: 353},
	keywords = {BALKEN + TRÄGER (BAUSTATIK), BEAMS (STRUCTURAL ANALYSIS), Axial tension, Bending, CD-ROM (DOCUMENT TYPES), CD-ROM (DOKUMENTENTYP), CRACKS, FISSURES (MATERIALS TESTING), LOAD BEARING CAPACITY + STRUCTURAL STRENGTH (STRUCTURAL ANALYSIS), Reinforced concrete, REINFORCED CONCRETE STRUCTURES (STRUCTURAL ELEMENTS), RISSE (MATERIALPRÜFUNG), Shear, Slab strips, STAHLBETONKONSTRUKTIONEN + STAHLBETONBAUTEN (BAUKONSTRUKTIONSTEILE), TEARS, TENSILE TESTS (MATERIALS TESTING), Tests, TRAGFÄHIGKEIT + BAUWERKSFESTIGKEIT (BAUSTATIK), Transverse loading, ZUGVERSUCHE (MATERIALPRÜFUNG)},
	file = {Locher et al. - 2014 - Versuche an Plattenstreifen aus Stahlbeton unter L.pdf:C\:\\Users\\Pascal Gitz\\Zotero\\storage\\ZLCZRZNG\\Locher et al. - 2014 - Versuche an Plattenstreifen aus Stahlbeton unter L.pdf:application/pdf},
}

@article{herbrand_querkraftversuche_2017,
	title = {Querkraftversuche an {Spannbetondurchlaufträgern} mit {Rechteck}- und {I}-{Querschnitt}},
	volume = {92},
	journal = {Bauingenieur},
	author = {Herbrand, Martin and Classen, Martin and Adam, Viviane},
	month = nov,
	year = {2017},
	pages = {465--473},
	file = {Herbrand et al. - 2017 - Querkraftversuche an Spannbetondurchlaufträgern mi.pdf:C\:\\Users\\Pascal Gitz\\Zotero\\storage\\2NGBJ6JY\\Herbrand et al. - 2017 - Querkraftversuche an Spannbetondurchlaufträgern mi.pdf:application/pdf},
}

@article{spathelf_skript_2022,
	title = {Skript {Teil} 2: {Ermüdung} von {Betonbauten}},
	journal = {Betonbau - Ausgewählte Kapitel Hochschule Technik \& Architektur Luzern},
	author = {Spathelf, Christian},
	year = {2022},
}

@misc{marti_tragverhalten_1999,
	title = {Tragverhalten von {Stahlbeton}. {Fortbildungskurs} für {Bauingenieure}, {ETH} {Zürich}, 30.9./1.10.1999},
	copyright = {In Copyright - Non-Commercial Use Permitted},
	language = {de},
	publisher = {Institut für Baustatik und Konstruktion, ETH Zürich-Hönggerberg},
	author = {Marti, Peter and Alvarez, Manuel and Kaufmann, Walter and Sigrist, Viktor},
	year = {1999},
	doi = {10.3929/ethz-a-004470343},
	note = {Journal Abbreviation: IBK Publikation SP
Place: Zürich
Publication Title: Tragverhalten von Stahlbeton
Type: Educational Material
Volume: 8},
	keywords = {REINFORCED CONCRETE STRUCTURES (STRUCTURAL ELEMENTS), STAHLBETONKONSTRUKTIONEN + STAHLBETONBAUTEN (BAUKONSTRUKTIONSTEILE), DIMENSIONING/LOAD-BEARING STRUCTURES AND STRUCTURAL MEMBERS (STRUCTURAL ANALYSIS), TRAGWERKSBEMESSUNG (BAUSTATIK)},
	file = {Marti et al. - 1999 - Tragverhalten von Stahlbeton. Fortbildungskurs für.pdf:C\:\\Users\\Pascal Gitz\\Zotero\\storage\\72CU4WHX\\Marti et al. - 1999 - Tragverhalten von Stahlbeton. Fortbildungskurs für.pdf:application/pdf},
}

@phdthesis{kenel_luthold_biegetragverhalten_2002,
	address = {Zürich},
	type = {Doctoral {Thesis}},
	title = {Biegetragverhalten und {Mindestbewehrung} von {Stahlbetonbauteilen}},
	copyright = {In Copyright - Non-Commercial Use Permitted},
	language = {de},
	school = {s.n.},
	author = {Kenel Lüthold, Albin},
	year = {2002},
	doi = {10.3929/ethz-a-004470989},
	keywords = {BALKEN + TRÄGER (BAUSTATIK), BEAMS (STRUCTURAL ANALYSIS), DEFORMATION BY BENDING (ELASTOMECHANIK), FORMÄNDERUNG DURCH BIEGUNG (ELASTOMECHANIK), BETONKONSTRUKTIONEN (BAUKONSTRUKTIONSTEILE), BEWEHRUNG IN BETONKONSTRUKTIONEN (BAUKONSTRUKTIONSTEILE), CONCRETE STRUCTURES (STRUCTURAL ELEMENTS), CRACKS (BUILDING MATERIALS), REINFORCEMENT OF CONCRETE STRUCTURES (STRUCTURAL ELEMENTS), RISSE (BAUSTOFFE)},
	file = {Kenel Lüthold - 2002 - Biegetragverhalten und Mindestbewehrung von Stahlb.pdf:C\:\\Users\\Pascal Gitz\\Zotero\\storage\\DIDGWK9L\\Kenel Lüthold - 2002 - Biegetragverhalten und Mindestbewehrung von Stahlb.pdf:application/pdf},
}

@phdthesis{heinzmann_stringer-tafelmodelle_2012,
	address = {Zürich},
	type = {Doctoral {Thesis}},
	title = {Stringer-{Tafelmodelle} für {Stahlbeton}},
	copyright = {In Copyright - Non-Commercial Use Permitted},
	language = {de},
	school = {ETH},
	author = {Heinzmann, Daniel},
	year = {2012},
	doi = {10.3929/ethz-a-007344037},
	keywords = {REINFORCED CONCRETE STRUCTURES (STRUCTURAL ELEMENTS), STAHLBETONKONSTRUKTIONEN + STAHLBETONBAUTEN (BAUKONSTRUKTIONSTEILE), DIMENSIONING/LOAD-BEARING STRUCTURES AND STRUCTURAL MEMBERS (STRUCTURAL ANALYSIS), TRAGWERKSBEMESSUNG (BAUSTATIK), BAUSTATISCHE MODELLE (BAUSTATIK), DEEP BEAMS + LOAD BEARING WALLS + DISKS (STRUCTURAL ANALYSIS), PLATES + SLABS (STRUCTURAL ANALYSIS), PLATTEN (BAUSTATIK), SCHEIBEN + TRAGWÄNDE + SCHEIBENTRAGWERKE (BAUSTATIK), STRUCTURAL MODELS (STRUCTURAL ANALYSIS)},
	file = {Heinzmann - 2012 - Stringer-Tafelmodelle für Stahlbeton.pdf:C\:\\Users\\Pascal Gitz\\Zotero\\storage\\6GCPF5BB\\Heinzmann - 2012 - Stringer-Tafelmodelle für Stahlbeton.pdf:application/pdf},
}

@article{jager_versuche_2006,
	title = {Versuche zum {Querkraftwiderstand} und zum {Verformungsvermögen} von {Stahlbetonplatten}},
	volume = {294},
	copyright = {http://rightsstatements.org/page/InC-NC/1.0/},
	url = {https://www.research-collection.ethz.ch/handle/20.500.11850/24273?show=full},
	doi = {10.3929/ethz-a-005195576},
	language = {de},
	urldate = {2023-09-21},
	journal = {IBK Bericht},
	author = {Jäger, Thomas and Marti, Peter},
	year = {2006},
	note = {ISBN: 9783728130716
Publisher: vdf Hochschul-Verlag an der ETH Zürich},
	file = {Jäger und Marti - 2006 - Versuche zum Querkraftwiderstand und zum Verformun.pdf:C\:\\Users\\Pascal Gitz\\Zotero\\storage\\4HMSC2SI\\Jäger und Marti - 2006 - Versuche zum Querkraftwiderstand und zum Verformun.pdf:application/pdf},
}

@article{jaeger_extended_2014,
	title = {Extended sandwich model for reinforced concrete slabs: {Shear} strength with transverse reinforcement},
	volume = {74},
	issn = {0141-0296},
	url = {https://www.sciencedirect.com/science/article/pii/S0141029614003198},
	doi = {https://doi.org/10.1016/j.engstruct.2014.05.025},
	abstract = {In this paper, the description of the shear strength of orthogonally reinforced concrete slabs with transverse reinforcement by the newly developed extended sandwich model is presented. Based on a sandwich model, the slab element is subdivided into two cover elements and a core element. The applied in-plane forces on the cover elements are treated with the cracked membrane model. Regarding shear transfer, rotating crack faces that are able to transfer shear stresses by aggregate interlock are assumed in the core, whereas the crack orientation relative to the slab plane is determined by the crack pattern of the covers. The introduction of stressed crack faces in the core enables a subdivision of the applied shear force into a concrete and a steel contribution, allowing the determination of the required minimum transverse reinforcement ratio that enforces a ductile flexural failure. A brittle shear failure is eliminated by providing a transverse reinforcement even if it is a minimum transverse reinforcement that is not able to resist the applied shear force by itself. In addition, the extended sandwich model enables a general treatment of the deformation behavior. Verifications against experimental data generally show a good agreement. The influences of a deviation of the principal shear and moment direction from the direction of the in-plane reinforcement as well as the transverse reinforcement ratio on the shear strength and the deformation capacity are demonstrated.},
	journal = {Engineering Structures},
	author = {Jaeger, Thomas},
	year = {2014},
	keywords = {Reinforced concrete, Aggregate interlock, Deformation capacity, Finite element modeling, Limit analysis, Reinforcement, Shear strength, Slabs, Stiffness, Stirrups},
	pages = {218--228},
}

@book{sia_norm_2013,
	title = {Norm {SIA} 260:2013 {Grundlagen} {Der} {Projektierung} von {Tragwerken}},
	publisher = {Schweizerischer Ingenieur- und Architektenverein},
	author = {{SIA}},
	year = {2013},
	keywords = {normen},
}

@book{sia_norm_2014,
	title = {Norm {SIA} 261:2014 {Einwirkungen} {Auf} {Tragwerke}},
	publisher = {Schweizerischer Ingenieur- und Architektenverein},
	author = {{SIA}},
	year = {2014},
	keywords = {normen},
}

@book{sia_norm_2013-1,
	title = {Norm {SIA} 262:2013 {Betonbau}},
	publisher = {Schweizerischer Ingenieur- und Architektenverein},
	author = {{SIA}},
	year = {2013},
	keywords = {normen},
}

@article{jaeger_extended_2013,
	title = {Extended sandwich model for reinforced concrete slabs: {Shear} strength without transverse reinforcement},
	volume = {56},
	issn = {0141-0296},
	url = {https://www.sciencedirect.com/science/article/pii/S0141029613003180},
	doi = {https://doi.org/10.1016/j.engstruct.2013.06.035},
	abstract = {In this paper, the description of the shear strength of orthogonally reinforced concrete slabs without transverse reinforcement by the newly developed extended sandwich model is presented. Based on a sandwich model, the slab element is subdivided into two cover elements and a core element, respectively; while the covers are subjected to in-plane forces only, the core has to resist to the transverse shear forces. Rotating, stress free cracks as well as tension stiffening effects according to the cracked membrane model are considered in the sandwich covers. Unlike to the covers, crack faces in the core are assumed to be able to transfer shear stresses by aggregate interlock. The fixed crack faces stand perpendicular to the slab plane, whereas the crack orientation relative to the slab plane is defined by the crack pattern of the covers. The influences of a deviation of the principal shear and moment direction from the direction of the in-plane reinforcement as well as of the slab thickness on the shear strength of slabs without transverse reinforcement are presented. Verifications against experimental data from beam and slab tests generally show a good agreement. Experimental evidence relating to size effects as well as deviations of the principal shear and moment direction from the in-plane reinforcement direction is confirmed.},
	journal = {Engineering Structures},
	author = {Jaeger, Thomas},
	year = {2013},
	keywords = {Reinforced concrete, Aggregate interlock, Deformation capacity, Limit analysis, Reinforcement, Shear strength, Slabs, Stiffness},
	pages = {1142--1153},
}

@article{tue_einfluss_2019,
	title = {Einfluss geringer {Querkraftbewehrung} auf die {Querkrafttragfähigkeit} von {Stahlbetonbalken} unterschiedlicher {M}/{V}-{Kombinationen}},
	volume = {114},
	url = {https://onlinelibrary.wiley.com/doi/abs/10.1002/best.201800075},
	doi = {https://doi.org/10.1002/best.201800075},
	abstract = {Abstract Es wurden Schubversuche mit Querkraftbewehrungsgraden zwischen dem 0,6- und 1,6-Fachen der Mindestquerkraftbewehrung ρw,min nach EC2 durchgeführt. Insgesamt wurden vier Einfeldbalken unter Einzellast und drei Einfeldträger sowie vier Kragarme unter Gleichstreckenlast getestet. Die Versuchsergebnisse zeigen einen erheblichen Einfluss des statischen Systems und der Belastungsart auf die Traglast und das Rissbild der untersuchten Balken. Während ein Bewehrungsgrad unterhalb der Mindestquerkraftbewehrung kaum Einfluss auf die Querkrafttragfähigkeit von Stahlbetonbalken unter Einzellast hat, führt bereits eine sehr geringe Querkraftbewehrung (≈ 0,6 ρw,min) zu einer erheblichen Steigerung der Querkrafttragfähigkeit bei Balken unter Gleichstreckenlast. Neuartige Messmethoden wie z. B. photogrammetrische Verformungsmessung erweisen sich als geeignetes Werkzeug zur Ermittlung der Änderung des Kraftflusses im Bauteil in Abhängigkeit vom Belastungslevel.},
	number = {4},
	journal = {Beton- und Stahlbetonbau},
	author = {Tue, Nguyen Viet and Ehmann, Rainer and Betschoga, Christoph and Tung, Nguyen Duc},
	year = {2019},
	note = {\_eprint: https://onlinelibrary.wiley.com/doi/pdf/10.1002/best.201800075},
	keywords = {Berechnungs- und Bemessungsverfahren, Versuche, Bewehrung, Belastung, Mindestbewehrung, Mindestquerkraftbewehrung, Querkraftbewehrung, Schubversuche, Statisches System},
	pages = {217--230},
	file = {Tue et al. - 2019 - Einfluss geringer Querkraftbewehrung auf die Querk.pdf:C\:\\Users\\Pascal Gitz\\Zotero\\storage\\CVHNP5SP\\Tue et al. - 2019 - Einfluss geringer Querkraftbewehrung auf die Querk.pdf:application/pdf},
}

@book{annahutte_grundlagen_2023,
	title = {Grundlagen der hochfesten {Bewehrungstechnik}},
	url = {https://www.annahuette.com/cdn/uploads/bro-sas-670-reinforcement-de-en-02-2016-web.pdf},
	author = {{Annahütte}},
	year = {2023},
	file = {Annahütte - 2023 - Grundlagen der hochfesten Bewehrungstechnik.pdf:C\:\\Users\\Pascal Gitz\\Zotero\\storage\\27LYA48X\\Annahütte - 2023 - Grundlagen der hochfesten Bewehrungstechnik.pdf:application/pdf},
}

@mastersthesis{stecher_gebrauchstauglichkeit_2022,
	title = {Gebrauchstauglichkeit von {Stahlbetonplatten}: {Ansätze} zur {Verformungsberechnung}},
	school = {HSLU Hochschule Luzern, MSE Master of Science in Engineering},
	author = {Stecher, Gian-Luca},
	month = jan,
	year = {2022},
	file = {Stecher - 2022 - Gebrauchstauglichkeit von Stahlbetonplatten Ansät.pdf:C\:\\Users\\Pascal Gitz\\Zotero\\storage\\V4Q5T2Q9\\Stecher - 2022 - Gebrauchstauglichkeit von Stahlbetonplatten Ansät.pdf:application/pdf},
}

@article{spathelf_skript_2022-1,
	title = {Skript {Teil} 2: {Gebrauchstauglichkeit}},
	journal = {Betonbau - Ausgewählte Kapitel Hochschule Technik \& Architektur Luzern},
	author = {Spathelf, Christian},
	year = {2022},
}

@article{maurer_querkraftversuch_2014,
	title = {Querkraftversuch an einem {Durchlaufträger} aus {Spannbeton}},
	volume = {109},
	url = {https://onlinelibrary.wiley.com/doi/abs/10.1002/best.201400054},
	doi = {https://doi.org/10.1002/best.201400054},
	abstract = {Abstract Die Nachrechnungen bestehender älterer deutscher Spannbetonbrücken auf Grundlage der aktuell gültigen Normen zeigen im Allgemeinen erhebliche Defizite in Bezug auf die erforderliche Querkraftbewehrung in Längsrichtung. Es ist jedoch bisher kein Querkraftversagen eines bestehenden deutschen Brückenbauwerks bekannt. Bis heute gibt es nur sehr wenige Versuche an Spannbetonbalken als Durchlaufträger. Um das Tragverhalten durchlaufender Spannbetonbalken eingehender zu untersuchen, wurde im Rahmen eines von der BASt beauftragten Forschungsvorhabens an der TU Dortmund ein Großversuch an einem vorgespannten Zweifeldträger durchgeführt. Dabei sollte auch der zusätzliche Traganteil aus einer Druckbogenwirkung genauer betrachtet werden. Zur kontinuierlichen Erfassung der Beanspruchungen im gesamten Bauteil unter allen Laststufen wurde eine umfassende Messtechnik installiert. Im vorliegenden Beitrag werden der Großversuch und die daraus gewonnenen wesentlichen Erkenntnisse dargestellt. Zudem erfolgen eine Versuchsauswertung auf Basis geltender Normen und ein Vergleich mit dem Druckbogenmodell. Shear testing on a prestressed continuous concrete beam The structural assessment of existing older prestressed concrete bridges on the basis of current standards often uncovers substantial deficits in terms of the required shear reinforcement in the main girders of bridge superstructures. However, shear failures of existing German bridge structures have not been reported so far. Until now, only few tests on prestressed continuous concrete beams have been carried out. In order to investigate the load bearing capacity of such beams more precisely, a large scale experiment was executed at TU Dortmund in the course of a research project funded by the Federal Highway Research Institute (BASt). Within this project a particular focus was put on the investigation of the additional shear load bearing capacity caused by the compressive arch effect. Therefore an extensive range of measurement devices was used in the experiment to guarantee the continuous recording of structural behavior and internal forces. In this contribution the large scale experiment as well as the main findings are presented. An interpretation of the test results based on current standards and a comparison with the compressive arch model are carried out.},
	number = {10},
	journal = {Beton- und Stahlbetonbau},
	author = {Maurer, Reinhard and Gleich, Philipp and Zilch, Konrad and Dunkelberg, Daniel},
	year = {2014},
	note = {\_eprint: https://onlinelibrary.wiley.com/doi/pdf/10.1002/best.201400054},
	keywords = {Berechnungs- und Bemessungsverfahren, Versuche, Spannbeton, Bauteilversagen, Brückenbau, Druckbogen, Durchlaufträger, Querkraft, Rissbilder, Schub, Tragverhalten},
	pages = {654--665},
	file = {Maurer et al. - 2014 - Querkraftversuch an einem Durchlaufträger aus Span.pdf:C\:\\Users\\Pascal Gitz\\Zotero\\storage\\MBNHU93D\\Maurer et al. - 2014 - Querkraftversuch an einem Durchlaufträger aus Span.pdf:application/pdf},
}

@book{kaufmann_compatible_2020,
	address = {Zurich},
	title = {Compatible stress field design of structural concrete: principles and validation},
	isbn = {978-3-906916-95-8},
	shorttitle = {Compatible stress field design of structural concrete},
	abstract = {1. Introduction -- 2. Structural concrete design with strut-and tie models and stress fields -- 3. The compatible stress field method -- 4. Basic validations -- 5. Comparison with codes -- 6. Experimental validation -- 7. Conclusions},
	language = {eng},
	publisher = {ETH Zurich, Institute of Structural Engineering},
	author = {Kaufmann, Walter},
	year = {2020},
	file = {Kaufmann - 2020 - Compatible stress field design of structural concr.pdf:C\:\\Users\\Pascal Gitz\\Zotero\\storage\\7AMSFRWZ\\Kaufmann - 2020 - Compatible stress field design of structural concr.pdf:application/pdf},
}

@article{van_leeuwen_sectionproperties_2024,
	title = {sectionproperties: {A} {Python} package for the analysis of arbitrary cross-sections using the finite element method},
	volume = {9},
	url = {https://joss.theoj.org/papers/10.21105/joss.06105},
	doi = {10.21105/joss.06105},
	number = {96},
	journal = {Journal of Open Source Software},
	author = {van Leeuwen, Robbie and Ferster, Connor},
	month = apr,
	year = {2024},
	pages = {6105},
}

@book{bender_zum_2010,
	address = {Aachen},
	series = {Schriftenreihe des {Instituts} für {Konstruktiven} {Ingenieurbau}, {Ruhr}-{Universität} {Bochum}},
	title = {Zum {Querkrafttragverhalten} von {Stahlbetonbauteilen} mit {Kreisquerschnitt}},
	isbn = {978-3-8322-9658-2},
	language = {ger},
	number = {2010,6},
	publisher = {Shaker},
	author = {Bender, Michél},
	year = {2010},
	file = {Bender (2009).pdf:C\:\\Users\\Pascal Gitz\\Zotero\\storage\\EAEAEZPT\\Bender (2009).pdf:application/pdf;Table of Contents PDF:C\:\\Users\\Pascal Gitz\\Zotero\\storage\\4EJQMCC9\\Bender - 2010 - Zum Querkrafttragverhalten von Stahlbetonbauteilen.pdf:application/pdf},
}

@techreport{jager_stahlbeton_2009,
	type = {Vorlesungsskript},
	title = {Stahlbeton {III}},
	institution = {Eidgenössische Technische Hochschule Zürich},
	author = {Jäger, Thomas},
	month = oct,
	year = {2009},
	file = {Jäger - 2009 - Stahlbeton III.pdf:C\:\\Users\\Pascal Gitz\\Zotero\\storage\\UYDX45G9\\Jäger - 2009 - Stahlbeton III.pdf:application/pdf},
}

@techreport{alvarez_einfluss_1998,
	address = {Basel},
	type = {Report},
	title = {Einfluss des {Verbundverhaltens} auf das {Verformungsvermögen} von {Stahlbeton}},
	copyright = {In Copyright - Non-Commercial Use Permitted},
	language = {de},
	institution = {Birkhäuser},
	author = {Alvarez, Manuel},
	year = {1998},
	doi = {10.3929/ethz-a-002000033},
	note = {ISBN: 3-7643-5993-5
Publication Title: IBK Bericht
Volume: 236},
	keywords = {LOAD BEARING CAPACITY + STRUCTURAL STRENGTH (STRUCTURAL ANALYSIS), REINFORCED CONCRETE STRUCTURES (STRUCTURAL ELEMENTS), STAHLBETONKONSTRUKTIONEN + STAHLBETONBAUTEN (BAUKONSTRUKTIONSTEILE), TRAGFÄHIGKEIT + BAUWERKSFESTIGKEIT (BAUSTATIK), BAUSTATISCHE MODELLE (BAUSTATIK), STRUCTURAL MODELS (STRUCTURAL ANALYSIS), BOND PERFORMANCE OF REINFORCEMENT AND CONCRETE (BUILDING MATERIALS), CALCULATION OF STRAIN, DEFORMATION (STRUCTURAL ANALYSIS), VERBUNDVERHALTEN VON BEWEHRUNG UND BETON (BAUSTOFFE), VERFORMUNGSBERECHNUNGEN (BAUSTATIK)},
	file = {Alvarez - 1998 - Einfluss des Verbundverhaltens auf das Verformungs.pdf:C\:\\Users\\Pascal Gitz\\Zotero\\storage\\L5S4S5GI\\Alvarez - 1998 - Einfluss des Verbundverhaltens auf das Verformungs.pdf:application/pdf},
}

@techreport{kaufmann_2_2017,
	type = {Vorlesungsskript},
	title = {2 {Scheiben} und {Träger}},
	url = {https://ethz.ch/content/dam/ethz/special-interest/baug/ibk/concrete-and-bridge-design-dam/lehre/masterstudium/Stahlbeton/Vorlesungsunterlagen/Autographie/Stahlbeton_III_2.3_Tr%C3%A4ger_Verformungsverm%C3%B6gen_inv.pdf},
	institution = {Eidgenössische Technische Hochschule Zürich},
	author = {Kaufmann, Walter},
	year = {2017},
	file = {Kaufmann - 2017 - 2 Scheiben und Träger.pdf:C\:\\Users\\Pascal Gitz\\Zotero\\storage\\SWK9AAH7\\Kaufmann - 2017 - 2 Scheiben und Träger.pdf:application/pdf},
}

@techreport{thoma_plattenversuche_2010,
	address = {Technikumstrasse 21 6048 Horw},
	title = {Plattenversuche an netzbewehrten {Platten}},
	language = {de},
	urldate = {2023-09-21},
	institution = {Hochschule Luzern Technik \& Architektur},
	author = {Thoma, Karel and Niederberger, Ivo},
	year = {2010},
	file = {Thoma und Niederberger - 2010 - Plattenversuche an netzbewehrten Platten.pdf:C\:\\Users\\Pascal Gitz\\Zotero\\storage\\Q4J2QDE5\\Thoma und Niederberger - 2010 - Plattenversuche an netzbewehrten Platten.pdf:application/pdf;Versuch Platte 1 Orginal.xls:C\:\\Users\\Pascal Gitz\\Zotero\\storage\\ECBBDBDM\\Versuch Platte 1 Orginal.xls:application/msword;Versuch Platte 1.xls:C\:\\Users\\Pascal Gitz\\Zotero\\storage\\X2YCYAK5\\Versuch Platte 1.xls:application/msword},
}

@techreport{marti_stahlbeton_2019,
	type = {Vorlesungsskript},
	title = {Stahlbeton {I} und {II}},
	institution = {Eidgenössische Technische Hochschule Zürich},
	author = {Marti, Peter},
	year = {2019},
	file = {Marti - 2019 - Stahlbeton I und II.pdf:C\:\\Users\\Pascal Gitz\\Zotero\\storage\\G8E8CMJ2\\Marti - 2019 - Stahlbeton I und II.pdf:application/pdf;Stahlbeton_I_II_ETH_Marti_Aufgaben.pdf:C\:\\Users\\Pascal Gitz\\Zotero\\storage\\Q2FKJP7C\\Stahlbeton_I_II_ETH_Marti_Aufgaben.pdf:application/pdf},
}

@techreport{bachmann_spezielle_2019,
	type = {Vorlesungsskript},
	title = {Spezielle {Probleme} der {Vorspannung}},
	institution = {Eidgenössische Technische Hochschule Zürich},
	author = {Bachmann, Hugo},
	year = {2019},
	file = {Bachmann - 2019 - Spezielle Probleme der Vorspannung.pdf:C\:\\Users\\Pascal Gitz\\Zotero\\storage\\4PNXDEQJ\\Bachmann - 2019 - Spezielle Probleme der Vorspannung.pdf:application/pdf},
}

@techreport{muttoni_bemessung_2008,
	title = {Bemessung von {Betontragwerken} mit {Spannungsfeldern}},
	institution = {Eidgenössische Technische Hochschule Zürich},
	author = {Muttoni, Aurelio and Schwartz, Josef and Thürlimann, Bruno},
	year = {2008},
	file = {Muttoni et al. - 2008 - Bemessung von Betontragwerken mit Spannungsfeldern.pdf:C\:\\Users\\Pascal Gitz\\Zotero\\storage\\6D6D8XS9\\Muttoni et al. - 2008 - Bemessung von Betontragwerken mit Spannungsfeldern.pdf:application/pdf},
}

@techreport{marti_flachentragwerke_nodate,
	type = {Vorlesungsskript},
	title = {Flächentragwerke},
	institution = {Eidgenössische Technische Hochschule Zürich},
	author = {Marti, Peter},
	file = {Marti - Flächentragwerke.pdf:C\:\\Users\\Pascal Gitz\\Zotero\\storage\\N36YFJ83\\Marti - Flächentragwerke.pdf:application/pdf},
}

@techreport{jager_plastische_2006,
	title = {Plastische {Plattentheorie}},
	language = {de},
	urldate = {2023-09-21},
	institution = {Eidgenössische Technische Hochschule Zürich},
	author = {Jäger, Thomas and Löffel, Kaspar},
	year = {2006},
	file = {Jäger und Löffel - 2006 - Plastische Plattentheorie.pdf:C\:\\Users\\Pascal Gitz\\Zotero\\storage\\AIPDEBUF\\Jäger und Löffel - 2006 - Plastische Plattentheorie.pdf:application/pdf},
}

@techreport{marti_stahlbeton_nodate,
	type = {Vorlesungsskript},
	title = {Stahlbeton {I}},
	institution = {Eidgenössische Technische Hochschule Zürich},
	author = {Marti, Peter},
	file = {Marti - Stahlbeton I.pdf:C\:\\Users\\Pascal Gitz\\Zotero\\storage\\6U3F99IY\\Marti - Stahlbeton I.pdf:application/pdf},
}

@techreport{marti_plastische_1978,
	type = {Vorlesungsskript},
	title = {Plastische {Berechnungsmethoden}},
	institution = {Eidgenössische Technische Hochschule Zürich},
	author = {Marti, Peter},
	year = {1978},
	file = {Marti - 1978 - Plastische Berechnungsmethoden.pdf:C\:\\Users\\Pascal Gitz\\Zotero\\storage\\93MQN338\\Marti - 1978 - Plastische Berechnungsmethoden.pdf:application/pdf},
}

@article{peter_marti_design_1990,
	title = {Design of {Concrete} {Slabs} for {Transverse} {Shear}},
	volume = {87},
	doi = {10.14359/3137},
	abstract = {To supplement conventional design methods, this paper reviews mechanisms of transverse shear transfer in reinforced concrete slabs. A truss-model-based design procedure is developed for transversely reinforced labs, and its application is illustrated for the case of a large transfer plate in a high-rise building.},
	number = {2},
	journal = {ACI Structural Journal},
	author = {{Peter Marti}},
	month = jan,
	year = {1990},
	keywords = {concrete slabs, Design, limit design method, load transfer, plates (structural members), post-tensioning, prestressing, reinforced concrete, reinforcing steels, shear strength, structural design},
}

@techreport{deierlei_nonlinear_nodate,
	title = {Nonlinear {Structural} {Analysis} {For} {Seismic} {Design}},
	url = {https://www.nehrp.gov/pdf/nistgcr10-917-5.pdf},
	number = {NIST GCR 10-917-5},
	urldate = {2024-11-13},
	author = {Deierlei, Gregory and Reinhorn, Andrei and Willford, Michael},
	file = {nistgcr10-917-5.pdf:C\:\\Users\\Pascal Gitz\\Zotero\\storage\\RYSEC9TY\\nistgcr10-917-5.pdf:application/pdf},
}

@book{blaauwendraad_plates_2010,
	address = {Dordrecht},
	series = {Solid {Mechanics} and {Its} {Applications}},
	title = {Plates and {FEM}: {Surprises} and {Pitfalls}},
	isbn = {978-90-481-3595-0 978-90-481-3596-7},
	shorttitle = {Plates and {FEM}},
	abstract = {This textbook aims to be the bridge between plate theory and FE-software. Structural engineers must translate elastic analysis results into economic structure dimensions and reinforcement, which raises difficulties. Not all engineers are well enough equipped for the increasingly easy-to-use powerful programs. The problem is not lack of FE-knowledge, but rather ignorance of plate behaviour. Therefore, the book starts with classical plate theory for membrane and bending states, and proceeds to FE-practice. The text can be used for university courses, acts as practical preparation for the engineering profession, and as a guide to structural designers},
	language = {eng},
	number = {171},
	publisher = {Springer Science+Business Media B.V},
	author = {Blaauwendraad, J.},
	year = {2010},
	doi = {10.1007/978-90-481-3596-7},
	file = {[J._Blaauwendraad_(auth.)]_Plates_and_FEM__Surpris(z-lib.org).pdf:C\:\\Users\\Pascal Gitz\\Zotero\\storage\\QK9JRI63\\[J._Blaauwendraad_(auth.)]_Plates_and_FEM__Surpris(z-lib.org).pdf:application/pdf},
}

@book{mittelstedt_flachentragwerke_2022,
	address = {Berlin, Heidelberg},
	edition = {1. Aufl. 2022},
	title = {Flächentragwerke: {Scheiben}, {Platten}, {Schalen}, geschichtete {Strukturen}},
	isbn = {978-3-662-65612-9 978-3-662-65613-6},
	shorttitle = {Flächentragwerke},
	language = {ger},
	publisher = {Springer Berlin Heidelberg},
	author = {Mittelstedt, Christian},
	year = {2022},
	doi = {10.1007/978-3-662-65613-6},
	file = {Mittelstedt - 2022 - Flächentragwerke Scheiben, Platten, Schalen, gesc.pdf:C\:\\Users\\Pascal Gitz\\Zotero\\storage\\I2QHZ2YL\\Mittelstedt - 2022 - Flächentragwerke Scheiben, Platten, Schalen, gesc.pdf:application/pdf},
}

@phdthesis{jager_querkraftwiderstand_2007,
	address = {Zürich},
	type = {Doctoral {Thesis}},
	title = {Querkraftwiderstand und {Verformungsvermögen} von {Stahlbetonplatten}},
	copyright = {In Copyright - Non-Commercial Use Permitted},
	language = {de},
	school = {ETH Zurich},
	author = {Jäger, Thomas},
	year = {2007},
	doi = {10.3929/ethz-a-005506715},
	keywords = {BEWEHRUNG IN BETONKONSTRUKTIONEN (BAUKONSTRUKTIONSTEILE), REINFORCEMENT OF CONCRETE STRUCTURES (STRUCTURAL ELEMENTS), BAUSTATISCHE MODELLE (BAUSTATIK), STRUCTURAL MODELS (STRUCTURAL ANALYSIS), CALCULATION OF STRAIN, DEFORMATION (STRUCTURAL ANALYSIS), VERFORMUNGSBERECHNUNGEN (BAUSTATIK), BETONPLATTEN (BAUSTATIK), CONCRETE SLABS (STRUCTURAL ANALYSIS), QUERKRÄFTE + QUERKRAFTLINIEN (BAUSTATIK), REINFORCED CONCRETE, SCHLAFF BEWEHRT (BAUSTOFFE), SHEAR FORCES + SHEAR FORCES DIAGRAMS (STRUCTURAL ANALYSIS), STAHLBETON, TRAGLASTVERFAHREN (BAUSTATIK), ULTIMATE LOAD ANALYSIS + LOAD FACTOR DESIGN (STRUCTURAL ANALYSIS), UNSTRESSED (BUILDING MATERIALS)},
	file = {Jäger - 2007 - Querkraftwiderstand und Verformungsvermögen von St.pdf:C\:\\Users\\Pascal Gitz\\Zotero\\storage\\CMEMP3BV\\Jäger - 2007 - Querkraftwiderstand und Verformungsvermögen von St.pdf:application/pdf},
}

@book{bergmeister_beton-kalender_2019,
	address = {Berlin, Germany},
	edition = {108. Jahrgang},
	series = {Beton-{Kalender}},
	title = {Beton-{Kalender} 2019: {Parkbauten} {Geotechnik} und {Eurocode} 7},
	isbn = {978-3-433-03242-8 978-3-433-60933-0 978-3-433-60936-1 978-3-433-60934-7},
	shorttitle = {Beton-{Kalender} 2019},
	abstract = {Cover -- Titelseite -- Copyrightseite -- Vorwort -- Inhaltsübersicht -- Anschriften -- I Beton -- 1 Einführung und Definition -- 1.1 Allgemeines -- 1.2 Definition -- 1.3 Klassifizierung von Beton -- 1.3.1 Betonarten -- 1.3.2 Betonklassen -- 1.3.3 Betonfamilie -- 2 Ausgangsstoffe -- 2.1 Zement -- 2.1.1 Arten und Zusammensetzung -- 2.1.2 Bautechnische Eigenschaften -- 2.1.3 Bezeichnung, Lieferung und Lagerung -- 2.1.4 Anwendungsbereiche -- 2.1.5 Zementhydratation -- 2.1.6 Der Zementstein -- 2.2 Gesteinskörnungen für Beton -- 2.2.1 Allgemeines -- 2.2.2 Art und Eigenschaften des Gesteins -- 2.2.3 Schädliche Bestandteile -- 2.2.4 Kornform und Oberfläche -- 2.2.5 Größtkorn und Kornzusammensetzung -- 2.3 Betonzusatzmittel -- 2.3.1 Definition -- 2.3.2 Arten von Zusatzmitteln -- 2.3.3 Anwendungsgebiete -- 2.3.4 Weitere Anforderungen -- 2.4 Betonzusatzstoffe -- 2.4.1 Definitionen -- 2.4.2 Inerte Stoffe und Pigmente -- 2.3.4 Weitere Anforderungen -- 2.4.3 Puzzolanische Stoffe -- 2.4.4 Latent-hydraulische Stoffe -- 2.4.5 Organische Stoffe -- 2.5 Zugabewasser -- 3 Frischbeton und Nachbehandlung -- 3.1 Allgemeine Anforderungen -- 3.2 Mehlkorngehalt -- 3.3 Rohdichte und Luftgehalt -- 3.4 Verarbeitbarkeit und Konsistenz -- 3.5 Transport und Einbau -- 3.6 Entmischen -- 3.7 Nachbehandlung -- 3.7.1 Nachbehandlungsarten -- 3.7.2 Dauer der Nachbehandlung -- 3.7.3 Zusätzliche Schutzmaßnahmen -- 4 Junger Beton -- 4.1 Bedeutung und Definition -- 4.2 Hydratationswärme -- 4.3 Verformungen -- 4.4 Dehnfähigkeit und Rissneigung -- 4.5 Bestimmung der Festigkeit von jungem Beton -- 5 Lastunabhängige Verformungen -- 5.1 Allgemeines -- 5.2 Temperaturdehnung -- 5.3 Schwinden -- 5.3.1 Ursachen -- 5.3.2 Mathematische Beschreibung -- 6 Festigkeit und Verformung von Festbeton -- 6.1 Strukturmerkmale -- 6.2 Druckfestigkeit},
	language = {ger},
	number = {108.2019},
	publisher = {Ernst et Sohn},
	editor = {Bergmeister, Konrad and Fingerloos, Frank and Wörner, Johann-Dietrich and {Wilhelm Ernst \& Sohn}},
	year = {2019},
}

@article{marti_tension_1998,
	title = {Tension {Chord} {Model} for {Structural} {Concrete}},
	volume = {8},
	issn = {1016-8664, 1683-0350},
	url = {https://www.tandfonline.com/doi/full/10.2749/101686698780488875},
	doi = {10.2749/101686698780488875},
	language = {en},
	number = {4},
	urldate = {2024-12-19},
	journal = {Structural Engineering International},
	author = {Marti, Peter and Alvarez, Manuel and Kaufmann, Walter and Sigrist, Viktor},
	month = nov,
	year = {1998},
	pages = {287--298},
}

@book{spura_einfuhrung_2019,
	address = {Wiesbaden},
	series = {Essentials {Ser}},
	title = {Einführung in {Die} {Balkentheorie} {Nach} {Timoshenko} und {Euler}-{Bernoulli}},
	isbn = {978-3-658-25215-1 978-3-658-25216-8},
	abstract = {Intro -- Was Sie in diesem essential finden können -- Vorwort -- Inhaltsverzeichnis -- 1 Einführung -- 1.1 Grundgleichungen der Elastostatik -- 1.2 Modellannahmen -- 2 Herleitung der Timoshenko-Balkentheorie -- 2.1 Gleichgewichtsbedingungen -- 2.2 Äquivalenzbedingungen -- 2.3 Elastizitätsgesetz -- 2.4 Kinematische Beziehungen -- 2.5 Zusammenfassung der Grundgleichungen -- 2.6 Differenzialgleichung der Biegelinie -- 3 Herleitung der Euler-Bernoulli-Balkentheorie -- 4 Anwendung mittels Integrationsmethode -- 5 Anwendungsbeispiel -- 6 Vergleich von Biege- und Schubverformung -- Was Sie aus diesem essential mitnehmen können -- Glossar -- Literatur},
	language = {ger},
	publisher = {Vieweg},
	author = {Spura, Christian},
	year = {2019},
}

@book{kaufmann_strength_1998,
	address = {Basel},
	edition = {1st ed},
	series = {Institut {Für} {Baustatik} und {Konstruktion} {Series}},
	title = {Strength and {Deformations} of {Structural} {Concrete} {Subjected} to in-{Plane} {Shear} and {Normal} {Forces}},
	isbn = {978-3-7643-5989-8 978-3-0348-7612-4},
	language = {eng},
	number = {v.234},
	publisher = {Birkhäuser Boston},
	author = {Kaufmann, Walter},
	year = {1998},
}
